2878 3580
22 2931 29 2973 ί.

26 3266 47 3467 ἓ

31 3467 49 3580 i

1228 210 1282 276 {¹7

269 348 608 392 TRAUGOTT
655 348 931 399 KRONER,
974 349 1051 394 Dr.
1111 350 1379 393 Privatim
1431 352 1494 393 De
1538 349 1697 393 morbis
1742 349 1965 391 mulierum
2011 347 2202 389 disseret
2249 344 2315 386 bis
2362 359 2442 400 pcr

65 418 200 464 hebd.
233 418 276 463 h.
309 416 397 461 def.

267 485 642 530 FRANCISCUS
682 486 1054 536 ROEHMANN,
1097 487 1173 531 Dr.
1242 487 1428 531 Gratis
1466 487 1499 531 I.
1559 488 1624 529 De
1643 487 1866 540 functione
1896 498 2046 529 rermm
2076 488 2114 527 et
2142 482 2443 537 ¹qlanclalarum

65 557 423 613 sudoripararum
453 559 491 598 et
521 556 810 608 laetiferaram
858 555 1050 598 disseret
1081 555 1123 599 d.
1155 556 1266 599 Lun.
1299 555 1342 600 h.
1364 556 1442 600 IV.
1512 554 1773 597 Privatim
1815 552 1869 597 II.
1916 553 2219 609 Repetilorifam
2259 550 2443 592 chemiae

65 626 292 681 oryarzicae
337 623 524 666 habebit
563 622 605 667 d.
636 623 768 667 Mart.
802 629 847 666 et
876 622 991 668 Ven.
1024 623 1066 668 h.
1092 623 1145 668 V.
1212 624 1288 669 111.
1333 625 1672 668 Emercitationes
1722 624 1906 667 chemiae
1948 622 2167 677 practicae
2217 618 2261 661 in
2312 631 2442 660 usum

66 707 235 747 eorum,
267 692 346 750 qui
378 691 529 735 studio
561 691 809 734 medicinae
842 706 1023 749 operam
1057 691 1163 735 dare
1196 692 1428 749 incipiunt,
1459 691 1767 734 moderabitur
1798 690 1840 735 d.
1876 691 2012 734 Merc.
2045 695 2089 732 et
2117 691 2211 733 Iov.
2240 692 2284 736 h.
2307 691 2385 735 IV.

269 760 600 804 ARNOLDUS
634 760 868 814 HILLER,
903 760 979 805 Dr.
1044 760 1320 805 Privatim.
1371 762 1582 815 Hyyienes
1612 761 1812 803 militaris
1845 765 2010 815 partem
2035 763 2222 816 primam
2262 760 2446 803 docebit

66 829 135 873 bis
165 843 248 887 per
278 829 414 874 hebd.
446 829 489 872 h.
524 829 610 873 def.

272 897 549 941 CAROLUS
591 897 891 947 PARTSCH‚
927 897 1003 941 Dr.
1066 896 1255 940 Gratis
1287 895 1318 939 Ι.
1379 897 1626 951 Aciuryiam
1657 897 1868 939 tractabit
1899 897 1968 939 bis
2000 912 2081 954 per
2110 897 2246 942 hebd.
2279 897 2323 941 h.
2356 896 2444 940 def.

65 965 331 1009 Privatim
362 967 417 1011 11.
449 967 786 1010 Ambulatoriam
816 967 1100 1021 chiraryicam
1141 964 1302 1023 diriget
1334 964 1550 1022 quotidie.
1611 966 1685 1007 111.
1732 966 1798 1008 De
1828 965 1988 1009 herniis
2028 966 2221 1009 disseret
2258 966 2329 1008 bis
2367 980 2447 1022 per

64 1034 201 1080 hebd.
232 1034 276 1079 h.
310 1034 398 1080 def.

272 1102 576 1147 IOSEPHUS
609 1102 999 1153 SCHROETER,
1038 1102 1116 1145 Dr.
1179 1101 1367 1144 Gratis
1400 1101 1432 1144 1.
1477 1103 1542 1145 De
1571 1102 1723 1157 funyis
1762 1104 2041 1146 oeconomicis
2081 1102 2274 1145 disseret
2310 1103 2448 1145 semel

67 1186 150 1229 per
184 1171 320 1216 hebd.
354 1173 404 1215 h..
431 1172 517 1215 def.
596 1172 856 1215 Privatim
896 1173 950 1215 11.
1011 1172 1308 1214 Bacteriorum
1359 1175 1542 1225 systema
1594 1177 1792 1227 exponet
1843 1170 1913 1212 bis
1967 1185 2047 1227 per
2099 1170 2235 1214 hebd.
2275 1171 2319 1215 h.
2359 1170 2447 1215 def.

67 1240 451 1283 Privatissime
481 1241 558 1284 III.
603 1242 943 1284 Emercitaliones
974 1242 1019 1283 in
1050 1239 1412 1295 eoeplorationibas
1443 1240 1776 1294 bacterioloyicis
1807 1239 2114 1283 moderabitur
2144 1239 2188 1284 h.
2222 1239 2310 1282 def.

276 1321 610 1364 EDUARDUS
642 1320 1009 1375 KAUFMANN‚
1050 1320 1126 1363 Dr.
1190 1319 1378 1362 Gratis
1417 1319 1449 1362 Ι.
1509 1321 1574 1363 De
1613 1320 1845 1363 tumoribus
1886 1320 2078 1363 disseret
2108 1320 2152 1363 h.
2184 1319 2272 1363 def.
2332 1319 2447 1363 Pri-

68 1389 231 1431 vatim
262 1389 318 1434 ΙΙ.
355 1391 607 1434 Anatomiae
630 1391 924 1446 patholoyicae
955 1388 1154 1445 specialis
1186 1390 1372 1444 capitula
1402 1389 1555 1431 selecta
1586 1388 1770 1432 docebit
1799 1389 1844 1433 h.
1877 1388 1964 1431 def.
2041 1390 2116 1433 111.
2157 1390 2447 1444 Diynoseendi

68 1462 252 1501 tumores
285 1463 418 1502 artem
447 1458 598 1506 tradet
627 1458 671 1503 h.
705 1458 790 1502 def.
1570 1461 1575 1466 '
2382 1465 2384 1467 ’

276 1537 553 1582 CAROLUS
585 1537 937 1586 HUERTHLE,
970 1537 1048 1580 Dr.
1111 1536 1300 1579 Gratis
1330 1538 1363 1580 I.
1397 1539 1460 1580 De
1484 1539 1755 1593 physioloyia
1785 1540 1957 1581 auditus
1988 1543 2026 1582 et
2045 1539 2160 1581 vocis
2192 1543 2231 1581 et
2260 1539 2448 1594 loquelae

70 1606 263 1650 disseret
294 1607 336 1650 d.
370 1607 464 1652 Sat.
494 1608 539 1652 h.
571 1608 630 1652 X.
688 1607 952 1650 Privatim
983 1607 1037 1650 ΙΙ.
1078 1606 1286 1660 Physicen
1317 1607 1521 1651 medicam
1553 1606 1736 1650 docebit
1765 1607 1836 1649 bis
1867 1621 1948 1663 per
1978 1606 2115 1650 hebd.
2146 1607 2190 1651 h.
2224 1606 2312 1650 def.

795 1862 1010 1919 ORDO
1053 1860 1735 1920 PHILOSOPHORUM.

278 2024 659 2068 VLADISLAUS
698 2023 1002 2073 NEHRING,
1043 2025 1120 2068 Dr.
1151 2025 1200 2068 P.
1231 2025 1279 2068 P.
1314 2024 1367 2068 O.
1400 2025 1443 2068 h.
1476 2030 1506 2068 t.
1539 2024 1648 2067 Dee.
1708 2024 1945 2066 Publice
1982 2025 2015 2068 Ι.
2068 2026 2132 2066 De
2164 2025 2291 2079 poesi
2331 2025 2450 2078 epiea

27 2113 30 2115 ·
73 2096 190 2150 apud
218 2096 385 2138 Russos
417 2100 456 2136 et
486 2093 641 2137 Serbes
675 2093 866 2135 disseret
897 2093 940 2137 d.
973 2093 1065 2135 Sat.
1098 2093 1142 2137 h.
1175 2093 1276 2137 XII.
1335 2093 1601 2136 Privatim
1632 2094 1686 2136 II.
1733 2095 1798 2135 De
1831 2095 1978 2149 poesis
2018 2094 2278 2135 dramaticae
2307 2106 2452 2134 monu-

71 2165 222 2206 mentis
253 2165 300 2206 in
329 2164 510 2206 Polonia
542 2168 580 2205 et
609 2164 772 2206 Russia
804 2162 997 2204 disseret
1029 2162 1069 2203 d.
1102 2162 1213 2204 Lun.
1245 2163 1378 2205 Mart.
1409 2164 1502 2205 Iov,
1533 2162 1578 2203 h.
1610 2161 1689 2205 VI.
1750 2162 1826 2204 III.
1866 2163 2103 2205 Historiam
2141 2162 2377 2203 litterarum
2407 2164 2453 2201 in

72 2233 255 2285 Polonia
293 2237 331 2274 et
360 2234 522 2274 Russia
561 2246 670 2274 saec.
702 2233 815 2274 XIX
855 2245 1035 2273 narrare
1073 2237 1233 2288 perget
1264 2231 1305 2275 d.
1339 2231 1431 2274 Sat.
1473 2231 1515 2272 h.
1548 2231 1627 2274 IV.
1695 2232 1770 2274 IV.
1811 2232 2150 2273 Eoeercitationes
2182 2231 2452 2285 slavo-philo-

19 2359 21 2362 .
75 2303 234 2356 loyicas
266 2301 382 2342 binis
413 2301 458 2342 in
491 2300 671 2343 duobus
704 2300 908 2342 coetibus
940 2300 1065 2343 horis
1095 2300 1292 2343 habebit.

282 2380 560 2424 CAROLUS
592 2379 854 2424 IACOBUS
885 2380 1159 2429 LOEWIG,
1199 2380 1278 2424 Dr.
1318 2380 1365 2422 P.
1403 2380 1450 2422 P.
1484 2378 1539 2424 O.
1598 2379 1830 2421 Publice
1877 2379 1908 2423 I.
1970 2381 2034 2422 De
2065 2380 2233 2433 analysi
2270 2380 2455 2421 chemica

79 2449 272 2492 disseret
298 2454 367 2492 ter
395 2463 477 2505 per
504 2448 642 2492 hebd.
674 2449 718 2492 h.
751 2449 872 2492 VIII.
933 2449 984 2491 11.
1027 2448 1238 2492 Chemiam
1269 2450 1573 2504 arioryariicam
1605 2448 1789 2490 docebit
1811 2453 1854 2489 et
1884 2449 2182 2503 experimentis
2212 2446 2457 2489 illustrabit

20 2570 22 2572 γ
80 2517 283 2579 quotidie
322 2517 366 2559 h.
406 2516 507 2559 XII.
569 2517 956 2560 Privatissime
999 2517 1076 2560 III.
1134 2519 1186 2559 Iri
1225 2518 1482 2561 laboratorio
1521 2518 1702 2560 ehemieo
1749 2531 1931 2573 operam
1971 2516 2143 2559 daturis
2183 2517 2329 2559 aderit
2366 2530 2456 2557 una

20 2650 22 2654 λ
79 2601 179 2629 cum
210 2586 265 2628 V.
299 2586 355 2628 de
386 2586 573 2628 Richter
602 2586 649 2627 P.
681 2586 729 2627 P.
762 2586 812 2627 Ε.
848 2586 889 2629 d.
921 2585 1033 2629 Lun.
1063 2586 1196 2627 Mart.
1228 2586 1366 2628 Merc.
1397 2587 1491 2628 Iov.
1524 2585 1638 2627 Ven.
1670 2585 1796 2627 horis
1829 2585 2071 2627 consuetis.

282 2672 632 2715 RICHARDUS
664 2672 963 2721 ROEPELL,
998 2672 1074 2716 Dr.
1105 2671 1153 2716 P.
1184 2671 1232 2715 P.
1262 2671 1314 2715 O.
1378 2671 1567 2714 Gratis
1621 2673 1958 2715 Emercitationes
2001 2673 2224 2714 seminarii
2263 2672 2456 2715 historici

82 2741 305 2784 moderari
335 2746 494 2798 perget
521 2741 593 2784 bis
624 2748 706 2797 per
735 2741 871 2784 hebd.
903 2741 947 2785 h.
980 2740 1067 2784 def.

283 2821 721 2864 FERDINANDUS
767 2821 1039 2871 ROEMER,
1087 2822 1165 2865 Dr.
1210 2821 1258 2865 P.
1305 2821 1351 2865 P.
1394 2821 1447 2864 Ο.
1516 2821 1798 2864 Publicel.
1858 2823 1924 2863 De
1958 2820 2189 2874 fossilibus
2235 2821 2456 2863 metallicis

24 2903 35 2914 ¹·
86 2890 279 2932 disseret
300 2889 343 2933 d.
366 2889 459 2934 Sat.
483 2890 524 2931 h.
548 2889 626 2933 IX.
671 2889 935 2932 Privatim
966 2890 1021 2932 II.
1057 2890 1300 2946 G'eoloyiam
1332 2890 1515 2933 docebit
1537 2891 1578 2934 d.
1604 2891 1715 2934 Lun.
1738 2890 1870 2933 Mart.
1893 2890 2030 2935 Mero.
2052 2891 2148 2932 Iov.
2174 2889 2286 2933 Ven.
2309 2888 2354 2932 h.
2376 2888 2455 2930 IX.

22 2978 27 2997 l
84 2958 475 3001 Privatissime
526 2963 579 3000 et
623 2959 798 3015 gratis
843 2958 920 3002 ΙΙΙ.
979 2960 1031 3001 In
1073 2974 1217 3003 museo
1262 2960 1562 3014 mineraloyico
1617 2973 1800 3015 operam
1846 2958 2017 3001 daturis
2063 2957 2208 3000 aderit
2254 2957 2461 3014 quotidie,

82 3028 127 3074 h‘
158 3027 202 3070 X
270 3027 603 3138 IMARTiNUs
635 3095 862 3150 HERTZ,
908 3096 986 3139 Dr.
1019 3097 1065 3141 P.
1097 3098 1144 3141 P.
1179 3097 1232 3141 O.
1307 3097 1535 3139 Publice
1571 3097 1603 3140 I.
1680 3096 1912 3139 seminarii·
1951 3097 2198 3151 philoloyicz·
2241 3094 2460 3137 sodalibus

40 3177 41 3184 ¹
83 3163 441 3224 eaetraordinariis
471 3166 583 3208 Livii
613 3165 765 3208 librum
795 3166 974 3208 alteram
1003 3172 1230 3223 proponet
1260 3168 1502 3223 ceterisque
1541 3165 1911 3208 eoeercitationibus
1943 3164 2138 3221 praeerit
2169 3163 2211 3206 d.
2242 3163 2382 3205 Merc.
2413 3162 2458 3206 h.
