2904 3502
1458 208 1511 249 10

551 324 646 367 folii
677 325 758 367 25¹1
791 324 999 366 columna
1028 323 1058 365 I.

148 415 187 445 87
208 396 449 459 [τ](α)ῧ(τ)α
483 402 632 466 μαθων
665 402 884 460 ἀγαθοῖσιν
916 398 1056 458 ὃμίλεε
1085 399 1159 442 καί
1188 413 1290 442 ποτε
1320 397 1485 455 φήσεισ,

148 494 189 524 39
206 475 330 539 κιᾙνε
360 482 451 526 κύει
480 483 604 526 πόλισ
632 479 729 540 ἥδε·
762 483 932 525 δέδοικα
962 482 1009 523 δὲ
1039 480 1096 537 μὴ
1127 480 1230 536 τέκη
1263 479 1394 535 ἄνδρα

148 562 187 590 41
208 547 325 593 ἀστοὶ
356 553 428 608 μὲν
458 550 539 608 γὰρ
567 545 642 594 ‘5¹8’
675 552 768 593 οἵδε
799 549 1052 606 σαόφρονεσ.
1084 544 1293 605 ἧγεμόνεσ
1322 548 1381 601 δὲ,

148 630 190 659 43
209 618 402 676 οὐδεμίαν
434 620 516 674 (πω
546 618 682 675 κ)ύρν’
715 618 872 675 ἀγαθοὶ
902 616 1020 660 πόλιν
1051 616 1213 659 ὤλεσαν
1244 615 1396 671 ἄνδρεσ

149 698 190 728 45
208 687 360 744 δῆμ[όν
388 703 433 730 τε
464 681 686 744 φθ]εῗρωσι
716 687 840 728 δίκασ
869 683 907 728 τ’
942 684 1119 727 ἀδίκοισι
1148 685 1323 738 διδῶσιν,

149 766 190 796 47
210 755 333 798 ἔλπεο
365 754 458 812 (μὴ)
490 754 617 811 δηρὸν
646 754 786 810 κείνην
815 752 932 796 πόλιν
964 752 1244 809 ἀτρεμέεσθαι

150 835 192 865 49
210 823 349 879 (ε)ὖ[τ’
384 824 451 878 ἀ]ν
481 829 583 866 τοῖσι
611 828 780 864 κακοῖσι
810 820 888 878 φίλ’
923 819 1095 877 ἀνδράσι
1123 821 1253 863 ταῦτα
1282 819 1451 876 γένηται

152 914 189 944 51
211 904 260 945 ἐκ
289 904 368 945 τῶν
396 917 477 958 γαρ
508 901 654 944 στάσισ
685 902 769 944 ἐστὶ
799 903 871 944 καὶ
902 901 1077 958 ἔμφυλοι
1108 899 1224 956 φόνοι
1254 895 1412 955 ἀνδρῶν

152 983 193 1012 53
211 962 333 1027 κύ-ρνε
363 970 486 1013 πόλισ
517 972 590 1027 μὲν
621 969 684 1012 ἔθ’
717 970 797 1026 ἥδε
827 969 950 1012 πόλισ
979 970 1075 1012 λαοὶ
1105 970 1152 1011 δὲ
1182 967 1234 1024 δή
1267 968 1386 1010 ἄλλοι
1461 975 1463 978 “

152 1051 192 1080 55
212 1035 306 1081 ἀλλ’
340 1038 443 1095 ἀμφὶ
472 1039 689 1095 πλευραῖσι
720 1037 852 1094 δοράσ
882 1038 1011 1094 αἰγῶν
1040 1036 1283 1093 κατέτριβον

153 1119 193 1148 57
212 1109 283 1149 καὶ
311 1108 379 1151 νῦν
410 1106 487 1150 εἷσ’
521 1106 680 1164 ἀγαθοὶ
709 1107 947 1162 πολυπαίδη
981 1107 1020 1148 οἱ
1049 1107 1095 1148 δὲ
1125 1107 1217 1161 πρὶν
1249 1105 1397 1147 ἐσθλοὶ

153 1186 194 1216 59
212 1171 424 1231 ἀλλήλουσ
455 1174 492 1217 δ’
529 1175 738 1218 ἀπατῶσιν
770 1175 837 1217 ἐπ’
872 1173 1091 1230 ἀλλήλοισι
1119 1174 1327 1230 γελῶντεσ

154 1254 191 1283 61
214 1243 370 1300 μῆδένα
400 1243 528 1286 τῶνδε
559 1243 678 1298 φίλον
707 1247 825 1285 ποιεῦ
855 1241 1092 1298 πολυπαίδη
1126 1238 1261 1284 ἀστῶν

154 1323 195 1352 63
213 1308 322 1354 ἀλλὰ
352 1310 467 1354 δόκει
498 1313 570 1368 μὲν
600 1312 722 1354 πᾶσιν
753 1307 835 1353 ἀπὸ
865 1310 1066 1367 γλώσσησ
1095 1310 1219 1365 φίλοσ
1249 1310 1362 1352 εἶναι,

155 1391 195 1421 65
213 1380 466 1423 σπουδαίων.
497 1379 637 1436 γνώση
669 1378 750 1435 γὰρ
781 1379 953 1435 ὀὶζυρῶν
983 1378 1140 1435 φρένασ
1170 1374 1341 1434 ἀνδρῶν.

155 1460 196 1489 67
215 1447 324 1491 ἀλλὰ
354 1448 507 1491 δόλουσ
537 1444 706 1490 ἀπάτασ
734 1463 780 1490 τε
809 1447 1101 1490 πολυπλοκίασ
1130 1446 1169 1489 τ’
1203 1447 1418 1503 ἐφίλησαν.

156 1527 197 1557 69
216 1516 377 1573 μήποτε
407 1509 532 1573 κύῖνε
562 1517 685 1559 κακῶ
715 1516 886 1559 πίσυνοσ
918 1514 1091 1572 βούλευε
1122 1514 1195 1558 σὺν
1226 1513 1341 1570 ἀνδρὶ

157 1596 195 1625 71
217 1583 326 1626 ἀλλά
357 1584 447 1641 μετ’
483 1585 647 1627 ἐσθλῶν
679 1583 748 1627 ἰών
780 1582 952 1641 βούλευε
984 1582 1123 1625 πολλὰ
1154 1583 1338 1639 μογῆσαι

158 1665 198 1694 73
216 1654 361 1710 πρῆξιν
393 1653 502 1710 μηδὲ
532 1653 704 1709 φίλοισιν
734 1649 847 1695 ’όλωσ
878 1651 1094 1695 ἀνακοίνεο
1125 1652 1226 1694 πᾶσι

158 1734 198 1763 75
216 1721 409 1778 παύροισι
438 1722 609 1765 πίσυνοσ
640 1720 783 1778 μεγάλ’
817 1716 1011 1776 ἀνδράσιν
1041 1719 1132 1776 ἔργ’
1166 1721 1375 1776 ἐπιχείρει.

159 1802 199 1830 77
217 1789 364 1832 πιστὸσ
395 1787 500 1846 ἀνὴρ
530 1790 690 1846 χρυσοῦ
720 1804 765 1831 τε
795 1790 867 1831 καὶ
898 1787 1080 1845 ἀργύρου
1112 1787 1419 1843 ἀντερύσασθαι

160 1869 200 1899 79
218 1857 408 1914 παύρουσ
439 1857 633 1914 εὑρησεισ
662 1858 899 1913 πολυπαίδη
933 1857 1090 1912 ἄνδρασ
1121 1856 1291 1912 έτέρουσ

160 1938 198 1968 81
219 1927 365 1970 οἵτινεσ
398 1926 446 1970 ἂν
475 1926 660 1983 τολμῶεν
692 1925 904 1982 ὁμόφρονα
934 1923 1070 1981 θυμὸν
1101 1926 1272 1981 ἐχοντεσ

161 2006 202 2035 83
220 1994 393 2037 τούτουσ
424 1993 518 2051 οὐχ’
553 1990 746 2050 εὖρήσεισ
776 1993 999 2051 διζήμενοσ
1030 1991 1120 2035 οὐδ’
1154 1994 1220 2035 ἐπὶ
1250 1992 1417 2047 πάντας,

162 2074 202 2103 85
221 2063 321 2106 οἶσιν
352 2063 419 2105 ἐπὶ
449 2054 620 2118 γλώσση
652 2077 697 2104 τε
727 2063 800 2104 καὶ
831 2059 1108 2118 ὀφθαλμοῖσιν
1139 2062 1312 2116 ἔπεστιν,

162 2142 203 2171 87
223 2145 279 2187 μη
313 2126 350 2187 μ’
375 2146 490 2173 επεσι
521 2132 594 2187 μὲν
615 2130 781 2187 στέργε·
804 2129 897 2174 νόον
928 2129 966 2172 δ’
991 2131 1067 2186 ἔχε
1097 2131 1170 2171 καὶ
1198 2129 1356 2186 φρένασ
1377 2129 1499 2186 ἄλλη.

163 2199 249 2255 89η
282 2214 333 2256 με
363 2200 471 2255 φίλει
500 2198 694 2255 καθαρὸν
725 2199 907 2256 θέμενοσ
936 2197 1042 2252 νόον,
1072 2198 1101 2254 ἥ
1133 2194 1171 2254 μ’
1204 2197 1427 2253 ἀποειπὼν,

163 2279 202 2308 91
223 2265 273 2310 ὃσ
303 2269 350 2309 δὲ
381 2268 452 2324 μιῆ
483 2266 653 2323 γλώσση
688 2266 774 2323 δίχ
809 2269 898 2323 ἔχει
927 2267 1032 2322 νόον,
1065 2269 1189 2309 οὑτοσ
1220 2266 1386 2322 έταῖροσ

164 2339 206 2376 93'
226 2335 275 2378 ἄν
304 2350 367 2377 τισ
398 2335 610 2391 ἐπαινήσει
640 2350 687 2378 σε
718 2334 839 2378 τόσον
868 2334 1019 2391 χρόνον
1050 2334 1173 2377 ὅσσον
1204 2331 1358 2390 ορώησ,

165 2415 207 2445 95
224 2402 411 2446 τοιοῦτόσ
441 2419 503 2446 τοι
534 2404 699 2460 ἐταῖροσ
730 2401 834 2459 ἀνὴρ
866 2404 989 2459 φίλοσ
1020 2403 1106 2445 οὔτι
1137 2399 1237 2460 μάλ’
1271 2402 1430 2445 ἐσθλὸσ

166 2483 207 2513 97
227 2470 313 2514 ἀλλ’
349 2474 412 2528 εἴη
443 2477 631 2514 τοιοῦτοσ
662 2472 753 2528 ἐμοὶ
783 2472 906 2528 φίλοσ
936 2471 986 2514 ὃσ
1015 2470 1083 2514 τὸν
1114 2472 1275 2527 ἑταῖρον

167 2551 209 2581 99
228 2536 315 2584 ἀντὶ
344 2540 608 2597 κασιγνήτου.
641 2540 690 2583 σὺ
722 2541 768 2583 δέ
800 2555 868 2597 μοι
898 2541 991 2596 φίλε
1021 2536 1138 2582 ταῦτ’
1171 2541 1214 2583 ἐν
1244 2540 1380 2596 θυμῶ,

146 2620 208 2649 101
229 2610 379 2665 μηδεὶσ
409 2605 641 2665 ἀνθρώπων
671 2609 795 2665 πείση
827 2607 961 2652 κακὸν
992 2608 1121 2664 ἄνδρα
1151 2608 1323 2664 φιλῆσαι

147 2687 211 2716 103
229 2673 353 2731 ο(ὔ)τ’
388 2676 436 2719 ἄν
467 2675 500 2719 σ’
535 2678 584 2719 ἐκ
613 2677 818 2733 χαλεποῖο
848 2676 989 2719 πόνοιο
1022 2675 1189 2732 ῥύσαιτο
1220 2677 1292 2718 καὶ
1323 2676 1431 2733 ἄτησ

351 3198 398 3233 48
421 3200 537 3242 πολλῆ
563 3209 607 3232 ex
623 3198 750 3242 πολλὴ,
774 3200 816 3232 ut
831 3197 985 3238 videtur,
1012 3198 1150 3232 factum
1179 3197 1183 3242 Ι
1211 3198 1253 3231 51
1280 3209 1350 3241 γαρ
1368 3197 1448 3232 sine
1466 3200 1620 3232 accentu
1649 3196 1652 3243 Ι
1679 3197 1726 3232 54
1750 3197 1851 3242 prius
1869 3196 1952 3231 οὔτε
1975 3197 2134 3231 fortasse
2153 3206 2197 3229 ex
2215 3194 2296 3229 οὔτε
2312 3194 2451 3229 factum
2478 3193 2483 3239 Ι
2510 3194 2554 3228 61
2582 3203 2695 3237 supra
2710 3193 2868 3227 alteram

151 3255 325 3290 vocabuli
350 3258 484 3299 μηδένα
511 3256 672 3290 litteram
697 3259 870 3290 accentus
896 3255 1017 3299 gravis
1044 3255 1187 3289 deletus
1213 3258 1269 3289 est
1307 3255 1310 3300 Ι
1351 3256 1392 3289 71
1420 3255 1556 3290 ἐσθλῶν
1581 3266 1626 3290 ex
1651 3255 1787 3289 ἐσθλῶν
1820 3258 1884 3290 aut
1908 3265 1954 3289 ex
1978 3254 2115 3288 ἐσθλῶν
2138 3254 2287 3294 factum,
2311 3255 2353 3287 ut
2375 3252 2522 3286 videtur
2555 3251 2560 3296 Ι
2595 3252 2639 3285 76
2663 3247 2764 3295 ἀνιην
2789 3250 2870 3285 sine

154 3317 309 3349 accentu
337 3313 341 3359 Ι
369 3314 413 3348 78
437 3313 537 3354 ἄξιοσ
561 3325 609 3348 an
634 3313 725 3354 ἄξιοι
747 3313 927 3347 incertum
956 3312 959 3358 Ι
987 3313 1031 3347 92
1057 3313 1103 3346 ὠν
1128 3313 1206 3347 sine
1232 3313 1361 3357 spiritu
1389 3312 1393 3358 Ι
1421 3314 1465 3347 96
1489 3325 1514 3347 κ
1539 3313 1618 3347 sine
1642 3312 1902 3367 apostrophe-1
1931 3312 1976 3346 97
2002 3313 2091 3354 ἐμοὶ,
2116 3321 2192 3345 non
2219 3310 2316 3354 ἐμὸσ.

1904 320 1997 363 folii
2029 321 2111 363 25v
2143 321 2352 363 columna
2381 320 2430 362 II.

1570 409 1612 438 38
1630 397 1675 440 εὖ
1706 397 2000 456 συμβουλεύειν
2029 405 2133 442 τοῖσι
2163 399 2338 455 φίλοισιν
2368 398 2443 454 ἐμὲ

1566 488 1609 517 40
1627 472 1864 533 εὖθυντῆρα
1893 478 2039 534 κακῆσ
2068 477 2213 535 ὕβριοσ
2241 473 2462 535 ὑμετέρησ.

1570 556 1612 586 42
1629 545 1882 602 τετράφαται
1911 545 2072 602 πολλὴν
2102 547 2150 589 έσ
2178 545 2398 602 κακότητα
2426 550 2578 588 πεσεῖν.

1567 624 1610 654 44
1627 612 1716 656 ἀλλ’
1750 613 1848 657 ὅταν
1877 612 2055 671 ὑβρίζειν
2083 620 2187 657 τοῖσι
2215 620 2407 657 κακοῖσιν
2437 612 2534 669 ἅδη,

1568 692 1610 723 46
1628 682 1791 725 οἰκείων
1820 682 2005 738 κερδέων
2035 683 2175 726 εἵνεκα
2204 681 2398 738 κράτεοσ,

1566 761 1608 791 48
1626 748 1727 807 μήδ’
1761 751 1797 792 εἰ
1825 751 1894 794 νῦν
1923 757 2057 793 κεῖται
2085 750 2223 806 πολλῆ
2255 751 2298 793 ἐν
2327 731 2487 807 ησυχία

1568 830 1610 859 50
1627 818 1782 875 κέρδεα
1812 818 1999 875 δημοσίω
2030 833 2103 862 συν
2132 823 2256 861 κακῶ
2286 818 2506 876 ἐρχόμενα.

1571 898 1859 955 52μούναρχοι
1890 899 1937 940 δὲ
1966 896 2085 940 πόλει
2116 896 2175 954 μή
2205 911 2308 940 ποτε
2336 899 2438 954 τῆδε
2469 887 2585 940 0758?-

1573 977 1616 1007 54
1633 967 1674 1009 οἳ
1699 965 1857 1022 πρόσθ’
1892 966 1987 1009 οὔτε
2018 966 2144 1008 δίκασ
2172 965 2343 1022 ᾔδεσαν,
2374 966 2470 1008 οὔτε
2500 965 2667 1023 νόμουσ.

1571 1045 1612 1075 56
1630 1034 1709 1086 ἔξω
1740 1034 1781 1077 δ’
1815 1034 1916 1078 ὥστ’
1951 1035 2099 1091 ἔλαφοι
2127 1033 2243 1091 τήνδ’
2277 1034 2468 1091 ἐνέμοντο
2498 1034 2617 1078 πόλιν

1573 1114 1614 1144 58
1631 1103 1699 1146 νῦν
1730 1103 1878 1145 δειλοὶ·
1909 1103 1974 1146 τίσ
2003 1118 2054 1145 κε
2083 1103 2214 1145 ταῦτα
2244 1100 2426 1159 ἀνέχοιτ’
2461 1103 2617 1159 ἐσορῶν

1571 1181 1613 1211 60
1631 1170 1726 1214 οὔτε
1755 1175 1902 1214 κακῶν
1931 1170 2104 1228 γνώμασ
2134 1169 2294 1213 εἰδότεσ
2324 1169 2414 1213 οὔτ’
2446 1170 2643 1227 ἀγαθῶν·

1572 1250 1614 1280 62
1633 1240 1684 1281 ἐκ
1713 1240 1852 1296 θυμοῦ
1881 1239 2035 1296 χρείησ
2065 1240 2205 1283 εἵνεκα
2236 1238 2294 1296 μὴ
2325 1240 2373 1281 δὲ
2403 1239 2502 1295 μιᾶσ

1575 1319 1617 1349 64
1633 1313 1782 1365 χρῆμα
1813 1309 1859 1350 δὲ
1889 1308 2097 1365 συμμίξησ
2127 1308 2272 1364 μηδενὶ
2302 1306 2403 1364 μήδ’
2437 1306 2570 1350 ὁτιοῦν

1573 1387 1615 1418 66
1633 1376 1694 1419 ὥσ
1723 1391 1816 1433 σφιν
1847 1376 1912 1419 ἐπ’
1947 1378 2102 1433 ἔργοισι
2131 1376 2268 1418 πίστισ
2298 1372 2366 1418 ἐπ’
2398 1371 2584 1433 οόδεμία.

1574 1456 1616 1486 68
1634 1445 1769 1488 οὕτωσ
1799 1441 1861 1488 ῶσ
1891 1445 2043 1501 ἀνδρεσ
2074 1445 2223 1502 μηκέτι
2253 1444 2480 1501 σωζόμενοι

1576 1526 1618 1554 70
1635 1513 1721 1556 εὖτ’
1755 1513 1804 1557 ἂν
1834 1515 2058 1556 σπουδαῖον
2087 1511 2251 1570 πρῆγμ’
2285 1513 2447 1569 ἐθέλησ
2475 1512 2640 1555 τελέσαι

1580 1594 1621 1623 72
1638 1584 1711 1625 καὶ
1742 1581 1908 1640 μακρην
1937 1584 2063 1625 ποσσὶ
2091 1575 2203 1638 κύρν’
2236 1576 2332 1624 ὁδὸν
2363 1581 2590 1635 ἐκτελέσαι,

1578 1663 1620 1691 74
1636 1651 1788 1707 παῦροι
1817 1653 1880 1693 τοὶ
1909 1651 2076 1693 πολλῶν
2105 1649 2247 1693 πιστὸν
2276 1651 2422 1705 ἔχουσι
2450 1648 2544 1692 νόον

1577 1730 1618 1760 76
1637 1718 1695 1776 μή
1725 1715 1825 1761 ποτ’
1859 1718 2089 1775 ἀνήκεστον
2118 1719 2243 1775 κύρνε
2273 1718 2415 1775 λάβησ
2445 1713 2560 1774 ἇνιην

1578 1799 1619 1828 78
1638 1787 1754 1839 ἄξιοσ
1784 1788 1826 1830 ἐν
1855 1787 2026 1844 χαλεπῆ
2057 1778 2182 1843 κύ-ρνε
2211 1786 2472 1843 διχοστασίη.
2502 1802 2506 1806 ’

1579 1868 1620 1897 80
1636 1855 1827 1899 πιστούσ·
1862 1856 1904 1899 ἐν
1934 1856 2143 1912 χαλεποῖσ
2171 1854 2388 1911 πρήγμασι
2417 1853 2658 1911 γινομένουσ

1582 1935 1623 1965 82
1642 1926 1728 1967 ἴσον
1756 1926 1836 1967 τῶν
1867 1923 2045 1980 ἀγαθῶν
2073 1924 2154 1966 τῶν
2183 1938 2229 1966 τε
2259 1925 2404 1965 κακῶν
2435 1922 2624 1979 μετέχειν

1581 2003 1624 2032 84
1641 1987 1896 2048 ἀνθρώπουσ
1926 1990 2002 2033 οὓσ
2031 1992 2135 2034 ναῦσ
2165 1990 2223 2048 μὴ
2255 1991 2328 2047 μία
2358 1990 2521 2033 πάντασ
2551 1990 2645 2046 ἄγοι

1582 2072 1624 2101 86
1642 2059 1784 2102 αἰδώσ.
1816 2058 1912 2102 οὐδ’
1941 2059 2115 2116 αἰσχρὸν
2144 2059 2280 2116 χρῆμ’
2314 2061 2382 2101 επὶ
2410 2059 2559 2115 κέρδος
2589 2057 2683 2115 ἄγει

1584 2141 1626 2170 88
1645 2130 1684 2171 εἴ
1711 2144 1762 2186 με
1793 2129 1928 2184 φιλεῖσ
1958 2128 2033 2170 καί
2061 2143 2127 2170 σοι
2155 2127 2302 2170 πιστὸσ
2332 2127 2462 2171 ἐνέστι
2489 2126 2600 2170 νόοσ.

1582 2209 1624 2239 90
1642 2196 1807 2254 ἐχθαιρ’
1842 2196 2056 2254 ἀμφαδίην
2085 2203 2226 2239 νεῖκοσ
2257 2195 2506 2253 ἀειράμενοσ

1582 2277 1623 2308 92
1642 2265 1777 2309 δεινὸσ
1806 2272 1936 2322 κυρεῖ.
1975 2264 2139 2322 ἐχθρὸσ
2170 2264 2368 2322 βέλτεροσ
2395 2263 2425 2320 ἢ
2455 2263 2580 2320 φίλοσ
2609 2262 2665 2306 ὠν

1584 2346 1626 2375 94
1642 2334 1888 2390 νοσφισθείσ
1918 2332 1956 2376 δ’
1992 2333 2126 2390 ἄλλην
2154 2333 2348 2389 γλῶσσαν
2378 2333 2463 2388 ἵησι
2491 2330 2646 2388 κακὴν,

1584 2414 1627 2444 96
1643 2402 1693 2445 ὃσ
1722 2418 1751 2445 κ
1782 2404 1887 2445 εἴποι
1917 2401 2088 2459 γλώσση
2120 2400 2226 2444 λώια
2255 2407 2402 2457 φρονεῖ
2426 2398 2466 2442 δ’
2499 2402 2642 2455 ἕτερα·

1583 2482 1624 2512 98
1642 2470 1855 2528 γινώσκων
1886 2469 2015 2527 ὀργὴν
2044 2472 2117 2512 καὶ
2149 2469 2277 2527 βαρὺν
2305 2469 2404 2512 ὄντα
2434 2468 2585 2525 φέρειν,

1565 2551 1629 2580 100
1647 2539 1805 2596 φράζεο
1836 2539 1910 2581 καί
1938 2538 2041 2581 ποτέ
2072 2553 2150 2595 μου
2182 2537 2358 2595 μνήσεαι
2388 2537 2566 2589 ἐξοπίσω

1562 2618 1626 2648 102
1643 2606 1766 2663 κύρνε
1796 2608 1835 2649 τί
1864 2606 1904 2649 δ’
1939 2604 2026 2649 ἐστ’
2060 2606 2217 2662 ὄφελοσ
2247 2604 2353 2661 ἀνὴρ
2384 2605 2508 2660 φίλοσ
2539 2601 2596 2647 ὢν

1568 2687 1633 2717 104
1650 2675 1744 2718 οὔτέ
1773 2690 1847 2718 κεν
1878 2674 2032 2717 ἐσθλὸν
2063 2676 2173 2730 ἔχων
2203 2675 2275 2716 τοῦ
2307 2673 2492 2730 μεγάλου
2523 2672 2664 2715 δοῦναι
2692 2671 2823 2714 θέλει.
