2878 3580
1457 380 1607 422 ·52

594 505 884 564 AEMILIUS
931 518 1170 574 ROHDE,
1216 517 1295 561 Dr.
1363 516 1626 559 Privatim
1671 517 1889 558 Elementa
1934 516 2181 570 histoloyiae
2228 516 2542 572 comparativae
2587 512 2770 556 docebit

396 594 461 635 bis
493 605 575 648 per
606 589 740 633 hebd.
773 589 817 631 11.
852 587 940 631 def.
1468 627 1472 631 .

487 674 490 678 ’
594 671 1032 718 FERDINANDUS
1080 670 1223 721 PAX,
1270 670 1349 714 Dr.
1430 669 1621 712 Gratis
1666 670 1699 713 I.
1761 670 1999 712 Historiam
2043 669 2256 712 botanices
2311 669 2494 711 docebit
2542 667 2585 712 d.
2631 667 2770 711 Merc.

393 745 436 789 h.
468 744 547 787 VI.
607 741 871 785 Privatim
916 741 970 784 ΙΙ.
1030 740 1351 794 Morpholoyiae
1387 739 1639 794 plantarum
1683 738 1895 792 yeneralis
1935 742 2103 793 partem
2142 739 2331 792 primam
2370 736 2554 779 docebit
2592 736 2661 777 bis
2692 749 2774 792 per

392 812 528 856 hebd.
567 811 610 853 h.
645 809 733 853 def.
792 809 869 853 ΙΙΙ.
920 809 1102 851 Cursum
1131 807 1493 863 morpholoyicum
1522 811 1650 863 reget
1679 805 1796 847 binis
1829 819 1909 861 per
1940 804 2076 848 hebd.
2107 804 2151 848 h.
2185 804 2273 849 def.

599 893 910 938 GEORGIUS
946 892 1232 945 GUERICH,
1264 891 1342 937 Dr.
1405 891 1593 934 Gratis
1623 891 1656 935 Ι.
1688 893 2003 935 Formationem
2025 891 2259 934 tertiariam
2281 890 2535 933 Germaniae
2565 888 2777 931 tractabit

393 964 531 1007 semel
562 978 643 1020 per
673 963 810 1005 hebd.
842 962 887 1005 h.
920 961 1007 1004 def.
1068 961 1336 1004 Privatim
1376 960 1431 1002 II.
1476 961 1715 1003 Historiam
1744 961 1981 1003 naturalem
2011 959 2534 1002 Lamellibranchiatorum
2552 958 2777 1011 fossilium

395 1032 578 1076 docebit
609 1031 679 1073 bis
710 1045 789 1088 per
819 1030 955 1073 hebd.
988 1029 1031 1071 h.
1065 1028 1153 1071 def.

597 1115 766 1159 OTTO
814 1114 1157 1169 ROSSBACH,
1203 1114 1282 1157 Dr.
1353 1113 1544 1156 Gratis
1582 1115 1617 1157 I.
1676 1114 2016 1157 Eoeercitationes
2053 1114 2334 1168 philoloyicas
2375 1111 2431 1154 de
2468 1111 2639 1154 Tibulli
2679 1124 2776 1153 car-

392 1186 585 1228 minibus
617 1184 804 1226 habebit
832 1184 901 1225 bis
933 1197 1013 1239 per
1047 1182 1184 1226 hebd.
1215 1182 1258 1226 11.
1290 1181 1377 1226 def.
1437 1182 1492 1225 II.
1531 1182 1871 1224 Eoeercitationes
1908 1182 2251 1235 archaeoloyicas
2293 1180 2481 1222 habebit
2525 1179 2663 1222 semel
2699 1193 2781 1236 per

394 1254 529 1297 hebd.
560 1253 604 1296 h.
639 1252 726 1296 def.
786 1251 1053 1294 Privatim
1084 1252 1160 1294 ΙΙῘ.
1210 1251 1490 1304 Titucydiolem
1520 1249 1890 1305 interpretabitur
1921 1249 1963 1292 d.
1995 1249 2109 1292 Lun.
2140 1248 2271 1290 Mart.
2304 1249 2400 1292 Iov.
2430 1248 2475 1292 h.
2506 1248 2584 1291 XI.

599 1336 932 1379 ARTHURUS
971 1335 1320 1385 PAKSCHER,
1360 1335 1438 1379 Dr.
1505 1334 1894 1376 Privatissime
1942 1340 1994 1376 et
2039 1334 2217 1392 gratis
2264 1334 2298 1377 Ι.
2343 1335 2684 1377 Exercitationes
2725 1335 2782 1376 acl
2831 1319 2836 1322 ἢ

393 1408 555 1450 litteras
594 1405 943 1460 Francoyallicas
982 1409 1142 1446 veteres
1183 1408 1418 1459 spectantes
1464 1402 1774 1444 moderabitur
1813 1403 1880 1444 bis
1917 1417 2000 1459 per
2028 1402 2165 1445 hebd.
2197 1402 2240 1445 11.
2276 1401 2363 1446 def.
2423 1401 2688 1444 Privatim
2723 1403 2780 1445 Π.

395 1475 631 1518 Historiam
657 1475 805 1529 poesis
836 1472 1186 1527 Francoyallicae
1217 1473 1370 1514 veteris
1403 1471 1627 1513 enarrabit
1659 1471 1702 1514 d.
1736 1471 1846 1514 Lun.
1879 1477 1923 1513 et
1953 1471 2087 1515 Mart.
2120 1471 2163 1515 h.
2194 1472 2271 1514 XI.

601 1558 954 1603 RICHARDUS
985 1557 1456 1611 REITZENSTE1N‚
1487 1557 1567 1601 Dr.
1627 1557 2019 1599 Privatissime
2058 1562 2109 1599 et
2144 1557 2320 1614 gratis
2357 1558 2391 1599 Ι.
2441 1558 2781 1600 Emercitationes

388 1630 668 1685 philoloyicas
700 1628 907 1669 instituet
936 1626 982 1669 h.
1015 1625 1102 1668 def.
1162 1626 1426 1668 Privatim
1456 1627 1512 1669 II.
1557 1627 1746 1668 Lucretii
1774 1628 1824 1669 de
1852 1640 1995 1668 rerum
2024 1631 2182 1669 natura
2210 1639 2382 1668 carmen
2411 1624 2783 1681 interpretabitur

398 1698 440 1741 d.
472 1697 582 1740 Lun.
616 1696 749 1740 Mart.
781 1695 875 1739 Iov.
896 1696 1007 1738 Ven.
1039 1694 1084 1738 h.
1116 1694 1217 1737 XII.

601 1780 982 1825 THEODORUS
1025 1780 1216 1830 SIEBS,
1255 1780 1334 1824 Dr.
1396 1780 1582 1823 Gratis
1613 1781 1647 1824 I.
1688 1781 2026 1823 Exercitationes
2063 1781 2365 1834 yrammaticas
2403 1779 2609 1821 instituet
2645 1778 2782 1820 semel

398 1865 478 1907 per
507 1850 643 1892 hebd.
674 1850 718 1894 h.
752 1849 840 1892 def.
899 1849 954 1892 ΙΙ.
996 1850 1132 1891 Taciti
1174 1849 1448 1892 Germaniam
1497 1848 1781 1904 interpretari
1830 1855 1990 1905 perget
2035 1862 2125 1889 una
2170 1862 2270 1890 cum
2316 1847 2466 1890 Felice
2512 1846 2667 1898 Dahn,
2704 1848 2782 1891 Dr.

396 1919 445 1963 P.
475 1918 523 1961 P.
558 1918 610 1961 O.
644 1918 716 1971 (cf.
750 1917 953 1960 ordinem
984 1917 1425 1972 iureconsultorum).
1485 1916 1746 1959 Privatim
1777 1918 1852 1959 III.
1888 1917 2127 1959 Historiam
2156 1917 2324 1971 linyuae
2359 1916 2615 1958 Theodiscae
2654 1929 2782 1958 enar-

396 1987 514 2029 rabit
545 1987 587 2031 d.
619 1987 730 2030 Lun.
762 1987 904 2029 Mart.
927 1987 1021 2030 Iov.
1044 1986 1158 2030 Ven.
1190 1985 1234 2029 h.
1265 1985 1346 2028 IX.
1405 1985 1484 2029 IV.
1527 1985 1730 2028 Carmina
1754 1990 1979 2040 poetarum
2011 1985 2239 2038 lyricorum
2272 1984 2601 2027 Theodiscorum
2631 1985 2785 2027 selecta

397 2055 766 2111 interpretabitur
796 2069 906 2096 usus
938 2054 1055 2096 libro
1090 2054 1167 2110 qui
1197 2054 1459 2096 inscribitur
1487 2055 1609 2107 „Des
1641 2054 1920 2107 Minnesanys
1951 2053 2193 2107 Fru'hlin9“
2225 2051 2268 2094 d.
2289 2051 2429 2095 Mero.
2452 2057 2497 2094 et
2523 2051 2616 2094 Sat.
2638 2051 2683 2094 h.
2704 2052 2784 2095 XI.

601 2139 781 2182 FELIX
811 2139 1078 2193 AHRENS,
1110 2139 1188 2183 Dr.
1252 2139 1441 2181 Gratis
1472 2140 1506 2182 I.
1551 2140 1790 2182 Historiam
1822 2140 2050 2182 alchemiae
2088 2137 2307 2180 studiosis
2348 2137 2546 2179 omnium
2576 2138 2782 2181 ordinum

403 2208 628 2251 enarrabit
659 2208 796 2250 semel
826 2222 908 2264 per
939 2207 1076 2251 hebd.
1108 2207 1151 2251 h.
1186 2206 1273 2251 def.
1341 2207 1606 2249 Privatim
1644 2209 1699 2250 Il.
1758 2209 2060 2263 Repetitorium
2091 2208 2276 2250 chemiae
2306 2208 2535 2261 oryanicae
2578 2206 2785 2249 instituet
2842 2260 2844 2262 .

404 2282 563 2334 quater
594 2290 673 2332 per
703 2276 839 2320 hebd.
871 2276 915 2320 11.
950 2275 1038 2320 def.

602 2361 977 2405 FRANCISCUS
1023 2361 1305 2411 LONDON,
1347 2361 1426 2406 Dr.
1507 2361 1771 2403 Privatim
1828 2362 2053 2404 Theoriam
2096 2362 2396 2416 aequationum
2439 2360 2782 2413 differentialium

402 2429 585 2474 docebit
614 2436 683 2471 ter
712 2430 786 2471 vel
818 2435 978 2486 quater
1008 2444 1089 2486 per
1118 2430 1254 2473 hebd.
1285 2429 1330 2472 h.
1362 2429 1440 2471 XI.

606 2645 978 2689 BERNARDUS
1017 2646 1243 2690 BEYER.
1320 2646 1511 2689 Gratis
1548 2647 1581 2689 I.
1642 2648 1708 2688 De
1738 2647 2020 2689 architectura
2050 2648 2271 2689 rusticana
2312 2646 2504 2689 disseret
2533 2645 2673 2688 semel
2701 2660 2784 2702 per

403 2714 537 2757 hebd.
568 2714 613 2757 h.
647 2714 734 2757 def.
794 2714 1064 2757 Privatim
1094 2716 1149 2758 II.
1212 2716 1274 2757 De
1305 2716 1586 2757 architectura
1615 2715 1837 2757 rusticana
1866 2716 2132 2770 hydraulica,
2164 2717 2398 2770 praecipue
2435 2717 2486 2758 de
2524 2715 2785 2758 derivatione

404 2796 611 2837 aquarum
635 2796 717 2837 per
748 2782 867 2825 tubos
898 2783 1213 2836 subterraneos,
1246 2784 1297 2824 de
1327 2783 1578 2836 irriyatione
1601 2787 1829 2836 pratorum
1859 2788 1898 2825 et
1927 2784 1978 2826 de
2009 2796 2208 2838 ayyerum
2245 2785 2543 2836 constructione,
2583 2784 2634 2825 de
2670 2796 2783 2825 men-

404 2863 606 2892 surarum
642 2851 808 2892 ratione
847 2855 885 2892 et
916 2850 1139 2892 libratione
1171 2849 1364 2892 disseret
1393 2849 1464 2891 bis
1496 2864 1576 2905 per
1607 2849 1742 2893 hebd.
1774 2850 1819 2893 h.
1852 2850 1940 2894 def.

607 2933 941 2977 EDUARDUS
973 2934 1238 2976 KAYSER..
1286 2934 1474 2978 Gratis
1503 2935 1536 2978 Ι.
1583 2933 1798 2978 Silvarum
1826 2950 1951 2979 usum
1981 2936 2195 2978 tractabit
2226 2936 2268 2979 d.
2299 2936 2432 2979 Mart.
2453 2935 2496 2977 h.
2517 2935 2597 2978 IV.
2666 2935 2783 2977 Pri-

405 3002 572 3044 vatim
601 3003 657 3044 ΙΙ.
720 3001 935 3045 Silvarum
966 3004 1135 3045 tutelam
1167 3002 1351 3045 docebit
1372 3002 1425 3064 ἀ.
1455 3002 1568 3046 Lun.
1599 3002 1643 3045 h.
1675 3002 1737 3044 III
1769 3009 1814 3045 et
1843 3004 1921 3048 IV.

408 3154 434 3196 d
481 3154 502 3197 1
607 3086 1023 3197 l1¹3EIIItITHOILDUS
1056 3087 1252 3131 STEIN.
1311 3087 1541 3130 Publice
1581 3094 1632 3129 et
1670 3089 1842 3144 gratis
1889 3090 2224 3132 Horticulturam
2255 3091 2562 3133 oeconomicam
2599 3088 2784 3131 docebit

440 3187 450 3198 .
505 3168 575 3197 ov.
642 3188 652 3198 .
777 3160 820 3196 et
874 3157 924 3199 V.
2128 3158 2131 3160 ’
