2878 3580
1546 281 1604 324 40

388 436 529 477 usque
568 419 801 474 repetitam
840 418 1123 470 sententiam,
1163 431 1275 472 quae
1316 430 1433 460 nunc
1474 418 1519 460 in
1556 418 1951 473 Theognideorum
1990 419 2263 463 editionibus
2303 419 2559 463 continetur
2587 433 2627 462 v.
2658 419 2756 462 643.

389 492 492 541 6443
533 488 733 531 eiusdem
773 486 1024 529 sententiae
1064 486 1209 528 forma
1246 486 1418 528 variata
1456 486 1575 529 inest
1611 486 1657 528 in
1688 487 1786 541 ipso
1818 487 2001 542 antiquo
2030 488 2247 542 florilegio
2278 487 2429 542 priore
2459 502 2498 529 v.
2532 488 2626 530 115.
2661 488 2755 530 116.

389 557 623 603 Sententia
652 556 727 598 illa
756 556 842 598 hoc
873 568 960 609 quo
992 554 1185 597 diximus
1218 555 1352 597 modo
1385 554 1431 596 in
1460 555 1660 608 margine
1681 555 1927 609 apographi
1949 545 2150 608 alicuius,
2178 556 2299 599 unde
2330 556 2542 610 deinceps
2575 556 2753 599 codices

390 625 796 680 Theognffleorum,
829 623 902 678 qui
933 625 1126 666 aetatem
1156 623 1367 674 tulerunt,
1400 636 1557 665 omnes
1580 623 1764 666 derivati
1797 625 1914 675 sunt,
1945 623 2124 677 appicta
2152 636 2388 679 perperam
2418 627 2665 679 propagata
2685 627 2755 667 est

389 708 489 738 cum
519 693 712 748 genuina
742 691 1135 745 Theognideorum
1166 690 1396 733 memoria.

589 762 741 815 Neque
763 759 983 802 difficilius
1006 760 1094 802 iam
1117 759 1360 802 divinando
1382 759 1567 814 adsequi
1588 759 1705 812 licet,
1727 760 1873 814 quarti
1895 759 2121 814 quinionis
2152 760 2210 802 ad
2236 760 2461 814 posterius
2492 761 2754 815 florilegium

386 829 651 887 pertinentis
684 842 796 883 quae
827 829 992 871 fuerint
1023 829 1114 871 fata
1145 829 1274 883 culpa
1303 829 1589 872 librariorum
1625 827 1925 882 antiquorum,
1964 828 2039 882 qui
2071 827 2240 870 similes
2271 829 2598 884 parallelosque
2627 830 2753 872 locos

387 898 671 944 adscribendi
703 897 910 951 cupidine
942 897 1253 940 (luctabantur.
1313 897 1416 940 Ideo
1454 899 1603 940 autem
1640 898 1773 951 paulo
1814 897 2064 940 intricatior
2100 896 2247 951 prima
2283 897 2463 952 quidem
2504 899 2652 953 specie
2684 912 2757 941 res

385 969 571 1020 videtur,
604 967 707 1022 quia
738 966 792 1008 de
831 965 974 1008 tribus
1015 965 1370 1008 dubitationibus
1407 965 1633 1008 variorum
1672 965 1906 1008 hominum
1945 965 2180 1008 doctorum
2219 967 2391 1008 certum
2420 966 2631 1009 iudicium
2662 966 2755 1009 fieri

386 1051 479 1080 non
516 1038 678 1090 potest.
739 1033 919 1076 Etenim
961 1033 1000 1089 1)
1040 1034 1116 1076 alii
1154 1034 1334 1088 quidem
1379 1047 1535 1077 versus
1570 1034 1669 1076 417.
1706 1034 1791 1076 418
1829 1033 1988 1076 ultimo
2036 1034 2136 1076 loco
2174 1036 2279 1087 post
2323 1047 2363 1076 v.
2413 1035 2523 1077 1164
2566 1035 2757 1078 traditos

390 1105 639 1148 censebunt
677 1102 966 1157 expellendos
1007 1115 1120 1155 esse,
1163 1102 1383 1157 siquidem
1422 1115 1579 1144 versus
1622 1103 1760 1144 1164&
1791 1102 1989 1145 concinit
2020 1115 2120 1144 cum
2149 1115 2283 1145 versu
2317 1103 2448 1156 1105;
2478 1103 2577 1146 aliis
2608 1106 2757 1146 autem

386 1175 518 1226 haec,
559 1185 671 1227 quae
707 1173 895 1225 utroque
932 1171 1195 1213 hexametro
1234 1170 1541 1223 continentur,
1580 1171 1718 1213 verba
1756 1185 1849 1214 non
1886 1172 2076 1214 moleste
2114 1172 2305 1226 repetita
2347 1171 2637 1225 videbuntur,
2678 1173 2755 1214 sed

386 1241 577 1284 formula
599 1239 815 1294 quaedam
849 1239 1080 1281 sollemnis
1104 1239 1336 1293 gnomicae
1365 1239 1532 1293 poesis,
1564 1239 1610 1280 in
1643 1239 1767 1282 cuius
1789 1232 2027 1282 iteratione
2058 1240 2180 1282 nullo
2211 1240 2348 1283 modo
2378 1240 2655 1284 haerendum
2685 1241 2757 1283 sit.

385 1309 428 1366 2)
459 1309 572 1352 Aliis
610 1321 767 1350 versus
810 1307 932 1350 1157.
974 1307 1083 1350 1158
1129 1307 1380 1362 antiquiore
1424 1310 1627 1362 tempore
1673 1308 1830 1351 omissi
1874 1308 2144 1351 videbuntur
2189 1322 2303 1361 esse,
2348 1309 2448 1352 aliis
2494 1309 2757 1352 recentiore.

387 1378 429 1434 3)
460 1377 572 1420 Aliis
610 1377 747 1419 verba
784 1374 818 1417 ὦ
854 1375 937 1419 νέοι
975 1376 1015 1417 οῖ
1048 1380 1116 1419 νῦν
1154 1375 1299 1432 ἄνδρες
1336 1379 1442 1430 post
1479 1390 1660 1419 versum
1702 1377 1812 1419 1160
1848 1377 2013 1420 tradita
2053 1377 2230 1420 initium
2261 1377 2442 1420 distichi
2474 1378 2521 1421 in
2553 1378 2757 1421 codicum

387 1445 782 1500 Theognideorum
820 1444 1061 1499 archetypo
1100 1445 1230 1487 foede
1269 1445 1459 1487 mutilati
1500 1447 1543 1488 et
1581 1458 1635 1488 ex
1682 1445 1876 1488 disticho
1919 1447 2040 1488 1095.
2077 1446 2186 1488 1096
2223 1459 2383 1500 parum
2422 1447 2534 1489 scite
2565 1446 2758 1501 suppleti

387 1515 591 1557 effecisse
619 1513 902 1564 videbuntur,
934 1513 1010 1555 alii
1041 1513 1299 1556 Eduardum
1328 1513 1470 1556 Hill'er
1501 1513 1670 1568 aliquid
1689 1514 1923 1567 probabile
1946 1514 2227 1568 excogitasse
2258 1515 2305 1556 in
2337 1514 2534 1557 Conradi
2565 1515 2757 1557 Bursian

381 1579 723 1625 ‘Jahresbericht’
773 1582 859 1624 vol.
899 1581 1035 1624 XXVI
1078 1595 1177 1636 pag.
1218 1582 1299 1624 116
1347 1581 1510 1624 dicent.
1595 1582 1766 1633 Quibus
1819 1582 1973 1625 nescio
2025 1596 2086 1625 an
2137 1583 2274 1626 etiam
2327 1583 2443 1626 aliae
2495 1595 2758 1626 accessurae

387 1652 477 1694 sint
521 1649 839 1693 dubitationes.
913 1650 1117 1702 Interim,
1163 1651 1212 1692 ut
1255 1650 1464 1693 brevitati
1511 1651 1816 1703 consulerem,
1857 1651 2004 1706 quarti
2041 1651 2268 1706 quinionis
2308 1652 2543 1694 materiam
2582 1652 2644 1694 ita
2677 1666 2759 1707 per

384 1720 541 1774 viginti
569 1719 756 1774 paginas
789 1718 982 1772 exempli
1013 1719 1157 1772 gratia
1187 1718 1404 1773 disposui,
1434 1722 1484 1762 ut
1515 1732 1738 1762 sumerem
1775 1720 2236 1773 gravioribusturbis
2275 1722 2542 1774 temptatum
2579 1734 2679 1763 esse
2710 1721 2755 1763 in

387 1788 589 1831 codicum
610 1786 1004 1841 Theognideorum
1025 1788 1266 1842 archetypo
1290 1790 1334 1830 et
1355 1787 1402 1830 in
1421 1801 1512 1830 uno
1537 1801 1591 1830 ex
1613 1789 1745 1831 huius
1769 1788 2039 1842 apographis
2071 1788 2227 1831 folium
2249 1789 2275 1830 8
2306 1788 2406 1844 (vel,
2435 1791 2485 1831 ut
2504 1789 2756 1832 accuratius

385 1857 545 1908 dicam,
577 1855 732 1898 folium
763 1856 813 1897 81·
844 1855 1044 1898 infimum
1076 1859 1120 1898 et
1149 1856 1307 1899 folium
1337 1858 1390 1899 8V
1421 1857 1683 1912 summum):
1715 1871 1820 1900 nam
1852 1871 1944 1900 non
1975 1860 2150 1900 tantum
2172 1858 2226 1900 de
2255 1871 2466 1901 versuum
2500 1858 2621 1900 1157.
2647 1859 2758 1900 1158

384 1926 555 1968 iactura
593 1923 750 1978 agitur,
792 1924 872 1966 sed
911 1924 1045 1966 etiam
1083 1925 1138 1967 de
1175 1925 1381 1967 versibus
1424 1926 1547 1968 1095.
1588 1926 1697 1968 1096
1734 1926 1780 1968 in
1820 1926 1974 1969 codice
2012 1927 2252 1981 archetypo
2289 1929 2394 1980 post
2430 1940 2610 1969 versum
2649 1927 2760 1969 1160

386 1994 495 2050 (11011
524 1994 630 2047 post
657 2005 837 2034 versum
872 1992 993 2043 1158,
1026 1992 1071 2034 id
1102 1993 1223 2047 quod
1251 1993 1398 2047 prima
1430 1994 1578 2048 specie
1608 1994 1751 2048 magis
1785 1994 2012 2050 expectes)
2043 1995 2158 2037 falso
2190 1995 2391 2049 repetitis
2421 1995 2491 2037 vel
2519 1995 2671 2049 potius
2703 1995 2758 2037 de

385 2061 566 2104 distichi
596 2061 804 2112 frustulo,
842 2061 963 2115 quod
1001 2062 1070 2103 est
1106 2059 1140 2102 ὦ
1177 2061 1260 2104 νέοι
1298 2061 1338 2104 οἱ
1372 2066 1441 2105 νῦν
1472 2061 1616 2117 ἄνδρες
1646 2062 1694 2104 111
1725 2064 1984 2117 apographo
2017 2063 2166 2117 aliquo
2199 2062 2367 2105 codicis
2397 2063 2626 2118 archetypi
2655 2077 2758 2118 per-

382 2144 538 2185 peram
568 2130 630 2171 ita
662 2129 880 2183 suppleto,
911 2131 960 2171 ut
979 2129 1202 2182 librarius,
1225 2143 1325 2172 cum
1345 2130 1551 2184 proxime
1571 2132 1916 2185 praecedentem
1941 2131 2152 2186 paginam
2175 2131 2285 2184 eius,
2308 2145 2440 2186 quem
2461 2132 2758 2183 describebat,

386 2197 554 2241 codicis
586 2197 810 2251 inspicere
840 2197 986 2249 vellet,
1019 2198 1160 2240 oculis
1192 2198 1441 2241 deferretur
1471 2200 1528 2242 ad
1559 2199 1604 2242 id
1635 2199 1876 2252 distichon,
1909 2200 2030 2255 quod
2060 2199 2108 2241 in
2133 2200 2360 2254 quinionis
2393 2200 2539 2255 quarti
2569 2200 2677 2242 folio
2708 2200 2760 2241 6r

383 2266 706 2322 paenultimam
736 2265 984 2319 occupabat
1015 2265 1181 2308 sedem.
1775 2267 1779 2269 ’
1953 2269 1955 2271 ’
2023 2269 2026 2272 ’

589 2334 792 2388 Exempli
813 2333 956 2388 gratia
987 2334 1309 2388 quiniones,
1341 2349 1434 2378 non
1456 2336 1857 2391 quaterniones
1879 2336 2019 2379 fuisse
2040 2336 2279 2379 fasciculos
2301 2335 2532 2391 utriusque
2551 2336 2756 2391 florilegii

383 2403 536 2458 posui,
556 2405 774 2457 poteram,
801 2403 935 2445 etiam
952 2402 991 2445 si
1009 2403 1327 2457 quaterniones
1347 2403 1629 2459 (paginarum
1654 2405 1707 2446 16
1731 2405 1914 2447 vicenos
1939 2418 2096 2447 versus
2121 2404 2466 2460 continentium)
2484 2405 2756 2458 statuissem,

382 2471 640 2526 probabiles
668 2449 870 2514 indicare
900 2471 995 2514 vias
1026 2471 1084 2513 ad
1114 2472 1333 2526 originem
1372 2473 1486 2515 falso
1525 2473 1643 2516 intra
1679 2473 1800 2515 idem
1834 2473 2101 2527 florilegium
2139 2473 2431 2527 repetitorum
2460 2473 2757 2516 distichorum

385 2540 716 2596 explicandam;
748 2540 829 2582 sed
859 2553 952 2582 non
982 2553 1123 2594 aeque
1155 2541 1418 2595 simpliciter
1438 2555 1510 2584 res
1533 2541 1706 2584 absolvi
1735 2544 1927 2596 poterat.
1987 2542 2116 2584 Adde
2137 2542 2258 2596 quod
2279 2542 2626 2596 quaternionum
2644 2556 2753 2585 usus
2815 2568 2817 2570 -

384 2610 431 2651 in
461 2608 814 2651 occidentalibus
847 2609 1027 2663 quidem
1057 2609 1316 2663 regionibus
1347 2611 1482 2664 longe
1513 2610 1738 2664 superavit
1757 2624 1889 2653 usum
1912 2610 2190 2665 quinionum,
2222 2611 2267 2652 in
2288 2611 2583 2654 orientalibus
2604 2614 2754 2654 autem

384 2677 641 2731 regionibus
673 2691 726 2719 ac
754 2677 950 2720 maxime
980 2678 1098 2720 inter
1119 2681 1274 2732 gentes
1298 2679 1537 2722 Semiticae
1559 2678 1745 2733 originis
1769 2679 2033 2733 quinionum
2053 2693 2162 2722 usus
2183 2679 2272 2722 late
2297 2679 2473 2722 videtur
2491 2679 2694 2734 patuisse
2706 2679 2754 2733 ³).

588 2804 615 2849 ³)
641 2804 745 2839 Conf.
772 2804 882 2838 etiam
908 2804 1111 2849 Casparum
1134 2804 1319 2840 Renatum
1343 2804 1505 2849 Gregory
1532 2802 1676 2848 Compte
1699 2802 1830 2839 Rendu
1853 2803 1912 2839 des
1935 2804 2074 2839 scarices
2097 2803 2140 2839 de
2163 2804 2190 2839 l’
2215 2803 2403 2840 Acadcmie
2433 2803 2493 2839 des
2523 2804 2755 2850 inscriptions

383 2850 417 2884 et
440 2848 541 2884 belles
565 2850 682 2886 lettres
708 2851 798 2886 1885
822 2851 895 2886 vol.
920 2851 1002 2885 XIII
1027 2862 1109 2896 pag.
1135 2851 1203 2886 ὑ266
1228 2863 1283 2896 sq.
1308 2866 1352 2883 =
1378 2849 1570 2887 American
1592 2849 1755 2885 Journal
1777 2850 1821 2896 of
1837 2849 2025 2897 Philoloqy
2051 2851 2140 2885 1886
2165 2851 2237 2886 vol.
2263 2851 2328 2886 VII
2351 2862 2435 2896 pag.
2460 2852 2516 2886 31.

1264 2996 1884 3044 CORRIGENDA.

585 3065 735 3110 Littera,
762 3079 856 3114 quae
886 3067 924 3104 in
954 3068 1090 3113 pagina
1115 3069 1157 3103 12
1180 3068 1285 3104 initio
1310 3079 1439 3104 versus
1469 3068 1530 3112 (ab
1553 3067 1697 3113 ultimo)
1725 3067 1824 3103 tertii
1847 3071 1946 3102 stare
1970 3067 2140 3110 debebat,
2169 3067 2265 3102 falso
2295 3067 2449 3112 delapsa
2468 3070 2524 3102 est
2543 3067 2582 3102 in
2607 3078 2754 3102 versum

384 3126 589 3171 proximum
619 3125 631 3172 Η
662 3137 745 3171 pag.
770 3126 812 3160 21
839 3137 933 3162 vers.
958 3126 1172 3177 856ulittera
1196 3126 1243 3161 ab
1269 3126 1367 3162 exitu
1393 3128 1525 3161 octava
1547 3126 1572 3171 ῆ
1599 3136 1682 3160 0330
1708 3125 1818 3160 debet
1852 3125 1864 3171 ΙΙ
1901 3136 1983 3170 pag.
2009 3125 2056 3160 24
2078 3136 2172 3160 vers.
2202 3125 2286 3160 1081
2316 3125 2353 3159 in
2377 3125 2450 3159 fine
2476 3124 2617 3169 virgula
2642 3125 2754 3170 paulo

384 3183 546 3225 inferius,
572 3194 683 3228 quam
708 3183 878 3225 debebat,
904 3184 1087 3218 collocata
1113 3186 1179 3218 est.

1791 3263 1842 3274 xlx.-
