2782 3542
1437 240 1463 281 6

706 375 970 434 ,,ἀθανάτους
998 376 1115 434 ἤεισε
1143 378 1216 419 καὶ
1245 376 1336 419 υἱέα
1365 377 1438 419 καὶ
1466 376 1683 432 γενετῆρα.

707 445 822 502 „dix
856 449 989 504 ἔμπης
1018 445 1133 498 ξυνὸς
1164 447 1236 503 μὲν
1267 446 1343 501 ἔφυ
1372 444 1496 496 πόνος
1527 444 1828 502 ἀμφοτέροισιν,

706 516 943 572 ,,Πατρικίῳ
974 511 1103 572 κᾷμοὶ
1132 516 1205 557 καὶ
1234 513 1426 571 θηλύτρῃ
1458 527 1535 570 περ
1567 513 1715 570 ἐούσῃ·

707 591 866 639 ,,κεῖνος
897 580 936 626 δ’
968 584 1101 640 ἤρατο
1133 598 1280 640 μουνος
1311 583 1352 627 ἐν
1384 581 1621 638 ἀνθρώποις
1651 582 1760 640 μέγα
1789 582 1926 635 κῦδος·

468 672 702 726 „Secundo
733 672 833 714 loco
867 703 876 713 .
908 703 918 714 .
951 704 960 713 .
994 704 1003 713 .
1035 670 1229 713 occurrit
1259 667 1579 712 ΘΕΟΓΝΙΔΟΣ
1610 667 1899 712 ΕΛΕΓΕΙΩΝ
1918 669 1971 712 Α.
2003 703 2013 713 .
2045 703 2055 714 .
2087 704 2097 714 .
2128 672 2270 716 Huius
2299 674 2508 716 Auctoris
2540 687 2632 716 non

264 742 485 796 „innotuit
515 741 572 784 ad
608 741 728 783 hunc
758 740 877 782 diem
907 739 995 781 nisi
1034 739 1147 781 liber
1176 739 1350 791 unicus,
1387 751 1544 780 uerum
1574 738 1647 780 hic
1684 739 1855 793 primus
1887 739 2083 793 affertur,
2120 741 2320 784 deinde
2359 743 2633 786 secundus

265 845 301 864 ‚‚.
335 843 344 853 .
376 843 384 853 .
419 843 428 852 .
461 843 470 852 .
501 810 688 863 Vulgato
711 807 965 862 Theognidi
986 807 1318 861 manuscriptus
1350 807 1588 858 consentit,
1622 807 1715 849 sed
1735 807 1820 849 XV
1851 807 2118 851 distichis
2148 813 2421 864 superest,
2453 811 2632 866 quaein

264 879 487 932 „editione
518 878 758 920 Poetarum
789 877 1014 920 minorum
1046 875 1360 930 Cantabrigiae
1391 889 1511 918 anno
1547 876 1654 918 1652
1688 908 1697 919 .
1730 908 1740 918 .
1773 908 1782 918 .
1817 908 1826 919 .
1858 890 1950 919 non
1981 880 2201 931 apparent
2203 910 2381 922 .....

1286 989 1523 1046 ,,Ελεγείων
1553 989 1589 1032 Β
1599 988 1609 1003 ’

635 1073 671 1114 1.
704 1066 892 1127 ,,Σχέτλι’
925 1071 1040 1126 ἔρως,
1073 1069 1212 1127 μανίαι
1241 1068 1281 1112 σ’
1316 1068 1618 1126 ἐτιθηνήσαντο
1648 1070 1872 1128 λαβοῦσαι·

820 1138 925 1193 ,,Ἐκ
956 1139 1082 1182 σέθεν
1113 1138 1243 1182 ὤλετο
1275 1140 1347 1196 μὲν
1378 1138 1491 1181 Ιλίου
1521 1138 1761 1195 ἀκρόπολις,

706 1207 867 1262 ,,Ωλετο
899 1207 937 1250 δ’
971 1207 1168 1264 Αιγείδης
1199 1206 1365 1264 Θησεὺς
1396 1208 1537 1264 μέγας,
1569 1207 1700 1251 ὤλετο
1731 1209 1753 1250 δ
1784 1207 1889 1259 Αἴας

817 1277 1014 1330 ,,Εσθλὸς
1045 1274 1246 1333 Οἴλιοίδης
1275 1278 1394 1333 σῆσιν
1423 1276 1742 1328 ἀτασθαλίαις.“
1775 1280 1856 1320 etc.
1880 1280 1961 1320 etc.
1992 1291 2134 1333 usque
2164 1278 2222 1320 ad
2251 1291 2432 1321 uersum

581 1347 673 1388 165.
706 1345 898 1402 ,,Δαμνᾷς
928 1340 968 1387 δ’
1002 1344 1235 1401 ανθρώπων
1264 1345 1437 1396 πυκινὰς
1467 1345 1631 1401 φρένας,
1662 1342 1759 1388 οὐδέ
1788 1360 1846 1396 τις
1876 1346 1982 1389 ἐστὶν

819 1411 990 1466 ,,Οὕτως
1020 1413 1188 1470 ἴφθιμος
1218 1415 1291 1455 καὶ
1320 1412 1451 1469 σοφὸς
1481 1413 1588 1456 ὥστε
1617 1420 1772 1470 φυγεῖν.

468 1507 606 1559 „Post
636 1505 947 1559 Theognidem
978 1506 1313 1560 Phocylides
1354 1506 1653 1560 subsequitur,
1692 1506 1925 1560 gnomicus
1958 1509 2001 1549 et
2037 1507 2133 1561 ipse
2164 1507 2318 1560 Poeta,
2359 1507 2533 1550 duobus
2564 1507 2637 1550 his

264 1575 497 1629 „uersibus
527 1574 789 1629 praemissis
822 1606 831 1615 .
856 1607 864 1617 .
888 1607 898 1617 .
921 1590 952 1617 .:

707 1654 1005 1708 ,,Φωκυλίδους
1039 1653 1280 1710 Φιλοσόφου
1311 1653 1483 1710 Ποιησις
1512 1653 1726 1711 ὀφελιμος·

764 1723 936 1778 ,,Ταῦτα
967 1723 1086 1780 δίκης
1116 1722 1252 1780 ὃσίῃσι
1282 1724 1386 1766 θεοῦ
1419 1721 1683 1780 βουλεύματα
1713 1722 1847 1778 φαίνει

820 1791 1099 1848 ,,Φωκυλι’δης
1130 1785 1289 1848 ἀνδρῶν
1320 1787 1343 1833 ὂ
1375 1791 1615 1848 σοφώτατος
1645 1791 1767 1848 ὄλβια
1797 1790 1927 1847 δῶρα.

470 1885 724 1938 ,‚Coluthi
771 1885 932 1927 exinde
985 1885 1168 1928 aduenit
1210 1885 1409 1928 Helenae
1447 1880 1660 1940 Ἅρπαγη,
1714 1887 1758 1927 et
1809 1886 2039 1938 postremo
2083 1883 2335 1938 Dionysii
2380 1883 2640 1941 Οικουμένης

265 1952 556 2010 ,,Περιηγησις.
589 1954 741 1996 omnia
763 1954 920 1996 eadem
941 1967 1091 2006 manu,
1125 1956 1168 1996 et
1190 1954 1346 1996 eadem
1367 1954 1597 2008 diligentia
1616 1954 1879 2008 perscripta.
1929 1953 1980 1995 In
1999 1953 2181 2007 Pagella
2201 1953 2478 2008 Theognidis
2510 1954 2639 1996 initio

265 2036 347 2075 „ex
385 2023 577 2064 aduerso
614 2022 765 2076 posita
803 2022 1152 2064 commentarius
1191 2022 1383 2065 habetur
1413 2036 1440 2065 a
1476 2023 1616 2065 uerbo
1641 2017 1893 2078 Ἀρχόμενος
1930 2021 2166 2076 incipiens,
2207 2035 2259 2064 ac
2291 2023 2330 2064 si
2360 2023 2638 2077 Theognidis

265 2091 525 2143 „exordium
557 2091 892 2145 aggrederetur;
922 2093 1232 2133 uerumtamen
1261 2090 1462 2146 Dionysii
1493 2091 1737 2145 Periegetis
1770 2091 2079 2145 interpretatio
2112 2093 2193 2133 est.
2217 2124 2227 2133 .
2250 2123 2260 2133 ,
2284 2124 2294 2133 .

467 2180 862 2234 ,,ΑΡΧΟΜΕΝΟΣ.
923 2181 1028 2223 θεοῦ
1060 2183 1133 2238 μὲν
1163 2182 1380 2238 ποιητικοῦ
1418 2181 1695 2238 παρητήσατο
1728 2181 1958 2238 ἐπίκλησιν,
1998 2182 2263 2238 ἐπειγομένος
2291 2182 2640 2239 συναποδημῆσαι

266 2264 361 2303 ,,τον
391 2248 537 2306 λόγον·
573 2249 663 2307 μετ’
697 2245 745 2292 οῦ
775 2249 882 2292 πολὺ
914 2251 960 2292 δὲ
997 2249 1151 2307 προϊών
1181 2249 1573 2308 συμπεριλαμβάνει,
1611 2252 1684 2307 τῆς
1715 2249 1873 2308 μούσης
1911 2249 2071 2295 εὔνοιαν
2103 2249 2385 2307 ἐπισπώμενος
2414 2255 2465 2307 τῆ
2495 2251 2638 2308 τέχνῃ.

264 2344 394 2398 ,,φησὶ
422 2342 504 2398 γὰρ
529 2322 713 2385 ὙΜΕῘΣ
746 2341 803 2384 9*
832 2317 1048 2385 ΜΟῨΣΑΙ
1080 2345 1161 2385 etc.
1194 2345 1277 2385 etc.
1308 2357 1450 2398 usque
1482 2344 1538 2386 ad
1568 2342 1608 2384 οἱ
1636 2343 1682 2385 δὲ
1719 2342 1954 2399 κυκλοτερη
1986 2341 2038 2384 δι’
2071 2341 2183 2385 ὅλου.
2215 2344 2316 2398 φασὶ
2350 2341 2432 2399 γὰρ
2471 2357 2641 2399 σφαιρο-

264 2411 381 2466 ,,ειδῆ
414 2411 515 2455 εἶναι
543 2411 619 2466 τήν
649 2414 768 2467 γῆν.“

465 2498 588 2539 Haec
618 2498 837 2540 hactenus
869 2511 923 2540 ex
952 2497 1163 2540 Masottio
1197 2496 1428 2551 descripsi.
1489 2496 1575 2548 Qui
1607 2510 1694 2552 qua
1732 2497 1815 2539 fuit
1845 2495 2088 2551 diligentia,
2127 2510 2221 2539 non
2250 2500 2427 2540 tantum
2463 2496 2639 2539 initium

266 2568 309 2607 et
340 2565 506 2608 exitum
545 2566 648 2608 libri
680 2565 1075 2619 Theognideorum
1106 2566 1289 2608 alterius
1329 2580 1383 2608 ex
1421 2565 1574 2608 codice
1605 2566 1906 2619 transcripsit,
1952 2565 2032 2608 sed
2069 2568 2214 2608 totum
2249 2566 2413 2608 librum
2450 2566 2640 2608 alterum

265 2634 335 2689 (=
365 2648 433 2677 vv.
474 2635 785 2677 1231—1238.
828 2635 973 2677 1239a
1003 2633 1077 2690 [=
1113 2633 1255 2690 1151].
1298 2634 1444 2677 1239b
1478 2632 1550 2690 [=
1585 2632 1728 2690 1152}
1769 2635 1926 2677 12402.
1967 2634 2126 2676 12401).
2166 2624 2474 2677 1241—1278.
2517 2635 2638 2676 1101.

268 2703 390 2745 1102.
428 2703 524 2745 949.
557 2703 653 2745 950.
695 2703 1002 2746 1279—1318.
1037 2704 1159 2745 1107.
1203 2703 1324 2745 1108.
1359 2703 1655 2745 1319-1389
1687 2702 1754 2744 ed.
1785 2702 1945 2758 Bergk)
1992 2703 2194 2757 catalogo
2240 2703 2640 2757 chirographorum

266 2771 474 2822 inseruit;
506 2774 692 2826 apparet
723 2774 872 2814 autem
892 2771 1149 2814 Masottium
1180 2771 1228 2814 in
1256 2771 1603 2814 transcribendo
1634 2772 1750 2814 libro
1782 2772 1924 2814 altero
1957 2775 2001 2814 et
2030 2775 2242 2815 accentus
2270 2772 2488 2826 plurimos
2511 2771 2640 2825 spiri-

267 2842 428 2894 tusque
459 2839 506 2881 in
538 2836 692 2883 codic'e
723 2841 918 2883 omissos
950 2840 1180 2882 addidisse
1211 2843 1255 2883 et
1283 2840 1409 2882 locos
1441 2839 1611 2894 aliquot
1640 2840 1758 2882 lectu
1789 2840 2061 2883 difficiliores
2095 2853 2334 2895 perperam
2363 2840 2639 2882 intellexisse

268 2910 311 2950 et
343 2908 609 2950 coniecturis
640 2909 804 2963 partim
836 2909 1039 2951 felicibus
1061 2909 1227 2963 partim
1257 2908 1512 2950 infelicibus
1543 2909 1679 2951 verba
1710 2907 1875 2952 tradita
1904 2911 2166 2964 temptasse.
2224 2909 2486 2962 Legentium
2518 2922 2639 2950 com-

268 2977 415 3019 modis
446 2977 509 3019 ita
540 2978 786 3030 consulam,
816 2980 866 3020 ut
895 2978 985 3020 iam
1007 2991 1164 3020 omnes
1197 2980 1378 3020 enotem
1407 2977 1623 3019 lectiones
1655 2977 1900 3031 apographi
1919 2976 2178 3020 Masottiani
2199 2990 2226 3019 a
2246 2977 2640 3031 Theognideorum

268 3045 371 3087 libri
410 3045 593 3087 alterius
633 3048 844 3088 contextu
873 3046 1123 3100 Bergkiano
1161 3046 1226 3101 (in
1255 3048 1489 3100 poetarum
1526 3045 1764 3100 lyricorum
1795 3046 2066 3088 Graecorum
2103 3045 2299 3087 editione
2335 3044 2508 3100 quarta)
2547 3045 2639 3086 dis-

271 3117 527 3167 crepantes;
567 3114 846 3156 coniecturas
876 3114 1087 3165 Masottii,
1133 3127 1245 3168 quae
1283 3114 1469 3157 alicuius
1514 3114 1646 3167 pretii
1683 3114 1891 3156 videntur
1929 3127 2042 3165 esse,
2085 3113 2246 3156 litteris
2278 3114 2447 3157 maiore
2492 3113 2637 3166 spatio

267 3182 461 3224 diductis
493 3182 788 3236 distinguam:
