2782 3542
441 805 568 881 DE
629 806 1521 887 THEOGNIDEORVM
1579 808 2063 885 MEMORIA

746 936 947 984 LIBRIS
978 937 1148 985 MANV
1181 937 1448 985 SCRIPTIS
1479 938 1770 986 SERVATA.

10 1008 44 1236 τ
273 1148 462 1218 Codices
495 1175 905 1229 Theognideorum,
937 1178 1157 1231 quotquot
1195 1176 1341 1220 adhuc
1381 1178 1623 1221 examinati
1665 1180 1782 1230 sunt,
1814 1190 1972 1220 omnes
2011 1177 2069 1220 ad
2098 1191 2238 1219 unum
2270 1178 2451 1232 quidem

30 1237 41 1276 ³
71 1244 218 1288 redire
259 1245 550 1300 archetypum
589 1244 725 1287 hodie
765 1244 1046 1299 deperditum
1091 1246 1223 1289 docet
1266 1247 1479 1290 vitiorum
1527 1260 1799 1298 consensus;
1846 1249 2045 1289 attamen
2084 1247 2130 1288 in
2171 1247 2281 1289 duas
2321 1246 2450 1288 facile

20 1277 35 1346 A
73 1314 247 1356 secerni
282 1317 476 1369 possunt
515 1315 706 1367 classes,
748 1327 936 1369 quarum
973 1315 1200 1369 antiquior
1239 1317 1283 1357 et
1319 1316 1496 1369 plenior
1532 1330 1624 1358 uno
1663 1318 2029 1370 repraesentatur
2075 1315 2228 1357 codice
2272 1313 2313 1356 A
2359 1314 2451 1357 sive

17 1393 37 1451 ἶ
68 1377 342 1426 ‘Mutinensi’
377 1383 543 1426 saeculi
572 1383 626 1436 X,
658 1383 882 1426 recentior
913 1386 957 1426 et
986 1384 1136 1426 minus
1177 1383 1351 1438 integra
1389 1385 1549 1427 ceteris
1590 1385 1819 1427 codicibus
1852 1385 2077 1436 omnibus,
2116 1383 2233 1426 inter
2264 1397 2376 1438 quos
2409 1386 2452 1426 et

30 1452 38 1541 j
69 1453 290 1494 vetustate
322 1455 366 1495 et
394 1452 597 1495 bonitate
629 1452 797 1494 eminet
828 1452 970 1495 codex
1004 1451 1040 1493 Ο
1071 1453 1164 1495 sive
1202 1452 1444 1495 Vaticanus
1483 1453 1566 1496 915
1607 1453 1773 1496 saeculi
1810 1453 1905 1494 XIII
1935 1452 2139 1495 exeuntis
2178 1452 2247 1494 vel
2285 1452 2451 1495 saeculi

33 1543 37 1576 g
69 1520 165 1563 XIV
202 1521 412 1564 ineuntis.
479 1522 546 1564 Ex
585 1521 684 1576 ipso
719 1519 761 1562 A
799 1521 874 1576 qui
911 1521 1210 1575 transcriptus
1252 1521 1322 1573 sit,
1365 1522 1565 1564 codicem
1597 1522 1992 1576 Theognideorum
2028 1521 2134 1564 novi
2165 1521 2357 1571 nullum;
2396 1533 2451 1562 ex

25 1573 40 1660 ἲ
70 1589 169 1644 ipso
205 1589 252 1643 Ο,
283 1593 524 1645 postquam
554 1603 647 1633 non
676 1603 923 1645 paucorum
958 1603 1169 1633 versuum
1199 1591 1331 1632 lectio
1363 1591 1549 1633 madore
1581 1591 1758 1645 situque
1785 1604 1925 1645 prope
1959 1590 2204 1644 superioris
2235 1589 2450 1643 marginis

22 1661 36 1736 3¹
69 1660 243 1713 partem
281 1660 551 1703 exteriorem
595 1659 853 1714 impeditior
898 1659 1015 1702 facta
1060 1662 1150 1712 est,
1197 1659 1259 1702 ita
1303 1660 1625 1714 transcriptum
1671 1673 1772 1702 esse
1817 1661 1873 1702 ab
1913 1659 2097 1701 homine
2135 1672 2228 1700 non
2268 1658 2450 1700 indocto

15 1734 17 1736 ’
71 1727 236 1770 saeculi
265 1728 342 1770 XV
374 1728 576 1771 codicem
605 1729 823 1770 Venetum
852 1728 1127 1771 Marcianum
1158 1729 1255 1780 522,
1286 1731 1335 1771 ut
1373 1743 1486 1783 quae
1525 1729 1775 1771 difficiliora
1810 1728 2238 1779 lectu-viderentur,
2276 1726 2451 1769 lacunis

5 1811 40 1860 *Ἴ
69 1796 329 1851 plerumque
361 1797 718 1851 significarentur
749 1799 793 1839 et
815 1797 1094 1851 corruptelae
1117 1811 1210 1839 non
1230 1810 1399 1851 paucae
1421 1798 1540 1840 felici
1571 1798 1794 1840 infelicive
1818 1797 2075 1840 coniectura
2095 1797 2452 1847 immutarentur,

28 1860 38 1936 j
71 1865 182 1908 scite
227 1865 553 1908 demonstravit
586 1866 821 1920 Adolphus
859 1866 973 1908 Hart
1011 1866 1058 1908 in
1095 1865 1247 1908 annali
1283 1866 1514 1921 philologo
1553 1866 1661 1910 anni
1704 1867 1812 1908 1868
1861 1880 1960 1921 pag.
2008 1865 2269 1916 333—336,
2316 1867 2449 1919 atque

29 1940 35 1987 ξ
70 1933 229 1977 eodem
258 1938 461 1989 tempore
502 1934 858 1989 Christophorus
899 1935 1072 1988 Ziegler
1110 1934 1278 1977 ibidem
1315 1948 1414 1989 pag.
1456 1936 1539 1977 329
1580 1949 1644 1990 sq.
1684 1935 1903 1977 Venetum
1933 1935 2016 1977 522
2049 1948 2103 1976 ex
2138 1933 2174 1975 0
2204 1933 2453 1976 derivatum

31 1996 35 2014 ²
71 2016 170 2045 esse
202 2017 257 2045 ex
287 2003 446 2046 Veneti
477 2003 652 2046 lacunis
685 2004 919 2048 conclusit.
978 2003 1105 2046 Alios
1136 2006 1315 2058 praeter
1345 2004 1564 2046 Venetum
1595 2003 1678 2046 522
1711 2004 1890 2046 codices
1930 2017 1986 2046 ex
2025 2003 2124 2057 ipso
2160 2001 2195 2043 Ο
2226 2002 2451 2044 derivatos

24 2103 37 2126 ‚1
70 2084 170 2114 esse
204 2072 298 2114 veri
330 2071 475 2114 simile
507 2074 596 2122 est3
626 2071 808 2126 plurimi
843 2074 992 2114 autem
1025 2071 1229 2113 codicum
1260 2072 1562 2114 recentiorum
1593 2072 1650 2114 ad
1673 2072 1874 2114 codicem
1895 2072 2088 2126 aliquem
2110 2071 2250 2126 ipsius
2284 2070 2452 2112 codicis

73 2139 109 2182 Ο
138 2141 374 2195 gemellum
406 2153 489 2183 nec
519 2143 672 2183 tamen
704 2140 926 2192 omnibus,
959 2134 1118 2195 quibus
1145 2139 1181 2181 O
1210 2138 1469 2195 inquinatus
1502 2143 1584 2193 est,
1605 2141 1726 2183 vitiis
1749 2141 2033 2195 deturpatum
2063 2141 2265 2192 redeunt,
2297 2154 2452 2195 quam—

71 2222 203 2264 quam
242 2209 525 2252 coniectandi
572 2212 615 2252 et
653 2210 955 2264 interpolandi
1001 2209 1140 2252 libido
1185 2223 1284 2262 eos,
1332 2210 1407 2264 qui
1452 2210 1630 2252 codices
1677 2209 1780 2252 illos
1819 2209 2094 2252 recentiores
2141 2212 2451 2261 exaraverunt,

70 2278 182 2321 adeo
222 2278 468 2333 occupavit,
506 2281 556 2320 ut
588 2280 710 2320 certa
746 2278 856 2320 fides
889 2278 935 2320 in
967 2279 1089 2321 nullo
1130 2292 1298 2331 eorum,
1331 2292 1444 2333 quos
1476 2279 1573 2333 ipse
1606 2279 1788 2332 contuli,
1829 2278 2035 2321 codicum
2075 2278 2241 2321 saeculi
2270 2278 2347 2320 XV
2380 2277 2450 2320 sit.

27 2341 34 2404 J
68 2347 220 2402 Itaque
265 2348 313 2390 in
358 2347 462 2390 crisi
508 2348 904 2402 Theognideorum
948 2347 1199 2390 exercenda
1242 2348 1618 2402 proficiscendum
1667 2351 1735 2390 est
1774 2362 1800 2390 a
1837 2347 1965 2390 libris
2001 2346 2043 2389 A
2080 2350 2124 2390 et
2164 2346 2211 2399 O,
2250 2346 2451 2389 neutrius

28 2405 36 2485 ¹⁴,
69 2418 220 2459 tamen
263 2416 482 2459 lectiones
524 2411 643 2459 ‘cum
687 2414 956 2471 pulvisculo'
1001 2418 1049 2459 ut
1093 2416 1219 2459 aiunt
1258 2429 1470 2459 excussas
1508 2417 1728 2471 praebent
1773 2416 1994 2459 editiones
2041 2413 2451 2470 Theognideorum,

71 2485 230 2539 quibus
263 2485 395 2528 nobis
425 2485 490 2528 uti
520 2485 637 2527 licet.

276 2564 455 2608 Codicis
486 2563 528 2606 A
557 2565 776 2608 lectiones
815 2565 871 2608 ab
909 2565 1106 2609 Henrico
1143 2567 1307 2609 Iordan
1346 2566 1582 2621 diligenter
1622 2568 1827 2608 enotatas
1844 2565 1875 2620 ¹)
1916 2578 2149 2620 speramus
2186 2565 2283 2607 fore
2317 2567 2366 2607 ut
2397 2578 2451 2607 ex

71 2633 207 2676 scidis
243 2634 328 2677 viri
368 2635 536 2677 crudeli
576 2634 668 2677 fato
707 2635 777 2677 his
819 2635 980 2678 litteris
1022 2635 1163 2690 erepti
1202 2636 1387 2678 tandem
1426 2635 1593 2690 publici
1634 2635 1744 2677 iuris
1794 2634 1961 2676 faciant
2002 2633 2208 2688 discipuli
2249 2634 2449 2676 amicive.

69 2702 253 2745 Interim
299 2716 379 2757 ego
427 2703 481 2745 de
529 2702 632 2745 fatis
679 2703 847 2746 codicis
884 2702 926 2745 A
963 2717 1106 2758 pauca
1147 2704 1397 2758 proferam,
1446 2718 1559 2759 quae
1598 2703 1834 2746 hominum
1880 2703 2115 2745 doctorum
2161 2702 2451 2756 sagacitatem

71 2771 278 2825 fugerunt
308 2771 348 2827 (ξ
382 2772 435 2826 1).
495 2771 668 2814 Deinde
710 2772 878 2814 codicis
914 2771 949 2813 O
979 2774 1287 2827 apographum
1318 2787 1345 2816 a
1374 2786 1446 2815 me
1478 2773 1733 2815 confectum
1771 2785 2023 2826 proponam
2061 2772 2283 2825 integrum
2321 2770 2361 2826 (ξ
2391 2771 2449 2826 2),

33 2820 289 2895 ,siquidem
342 2841 510 2883 infelici
559 2854 667 2883 casu
717 2841 860 2883 codex
912 2840 948 2882 O
996 2855 1140 2896 nuper
1187 2843 1382 2885 amissus
1425 2845 1505 2885 est.
1587 2842 1790 2896 Denique
1841 2840 2120 2884 collectionis
2172 2840 2290 2892 eius,
2338 2854 2451 2894 quae

71 2909 466 2964 Theognideorum
489 2909 644 2967 βιβλίον
665 2908 703 2951 α’
723 2910 876 2953 vocari
898 2911 1025 2964 solet,
1048 2924 1161 2965 quae
1182 2911 1293 2954 mihi
1312 2911 1516 2954 videatur
1537 2910 1662 2965 origo
1692 2924 1806 2964 esse,
1827 2910 2023 2953 breviter
2045 2909 2304 2963 significabo
2328 2908 2371 2964 (ξ
2393 2908 2450 2964 3).

279 3129 304 3174 ¹)
337 3129 442 3166 Conf.
472 3128 639 3174 inprimis
670 3129 870 3164 Henricum
900 3128 1035 3164 Iordan
1066 3129 1104 3164 in
1135 3129 1294 3164 Hermae
1324 3128 1579 3164 Berolinensis
1610 3128 1684 3164 vol.
1716 3128 1780 3163 XV
1811 3139 1893 3173 pag.
1919 3128 2105 3163 524-529
2132 3130 2167 3162 et
2197 3127 2234 3162 in
2260 3127 2450 3172 prooemio

42 3195 44 3199 ’
72 3184 183 3220 indici
207 3186 407 3222 lectionum
431 3187 681 3223 universitatis
706 3187 1000 3233 Regimontanae
1026 3199 1058 3222 a.
1087 3187 1281 3234 1885s1886
1307 3187 1524 3232 praemisso.

2208 3254 2249 3288 1*
