2782 3542
553 1176 895 1237 Memoria
950 1179 1583 1256 Theognideorum
1637 1181 1707 1238 in
1765 1183 1808 1235 O
1861 1183 2041 1240 haee
2096 1185 2233 1240 est:

764 1333 832 1398 <†
868 1294 994 1401 ἀρχὴ
1034 1334 1114 1383 σῦν
1149 1334 1249 1384 θεῶ
1284 1342 1373 1402 τῆσ
1408 1334 1653 1402 θεόγνιδοσ
1688 1336 1923 1402 ποιήσεωσ
1958 1336 2028 1403 †>

190 1432 237 1475 in
267 1433 354 1476 hoc
385 1447 518 1477 versu
547 1435 716 1490 pictum
748 1439 817 1479 est
847 1440 1177 1490 ornamentum,
1210 1451 1297 1493 quo
1329 1439 1624 1494 Theognidea
1653 1440 1709 1482 ab
1742 1440 1820 1491 eis,
1853 1453 1966 1494 quae
1996 1441 2286 1494 praecedunt,
2318 1444 2595 1496 separantur.

542 1549 731 1619 <Ἀρχὴ
771 1552 850 1601 σῦν
886 1553 986 1631 θεῶ
1020 1561 1101 1602 τοῦ
1137 1553 1383 1620 θεόγνιδοσ
1419 1555 1474 1603 ὃσ
1510 1554 1584 1603 διὰ
1620 1557 1789 1622 στίχων
1823 1555 2146 1622 ήρωελεγείων
2182 1556 2254 1622 †>

461 1700 556 1743 folii
586 1701 665 1743 25r
697 1702 906 1744 columna
935 1703 965 1745 I.
1819 1705 1915 1746 folii
1946 1706 2026 1746 25r
2057 1706 2269 1748 columna
2298 1706 2346 1747 ΙΙ.

253 1779 465 1824 <eumne
693 1781 896 1827 <γέννημα>
916 1828 934 1841 ‚
1061 1784 1172 1828 <σου>

6 1820 7 1848 ³
41 1815 73 1863 ’1
92 1822 185 1879 <ῶ>
214 1823 295 1868 ἀνα
324 1825 484 1882 λητοῦσ
513 1826 576 1869 υἱὲ
607 1827 698 1869 διόσ
727 1828 856 1871 τέκοσ
886 1843 1039 1871 ουποτε
1069 1835 1156 1872 σεῖο
1479 1839 1497 1868 2
1514 1828 1697 1885 λήσομαι
1726 1827 1987 1886 ἀρχόμενοσ.
2019 1827 2110 1871 οὐδ’
2145 1828 2485 1886 ἀποπαυόμενοσ.

6 1900 22 1952 Q
56 1901 74 1932 3
216 1889 312 1935 ἀλλ’
345 1894 425 1936 αἰεὶ
454 1895 618 1951 πρῶτον
647 1911 692 1938 τε
722 1898 795 1938 καὶ
825 1896 1000 1941 ὕστατον
1031 1898 1074 1941 ἓν
1104 1913 1150 1940 τε
1181 1912 1375 1954 μεσοισιν,
1479 1908 1499 1937 4
1517 1897 1645 1939 ἀείσω
1676 1897 1726 1939 σύ
1758 1897 1805 1940 δέ
1835 1912 1904 1954 μοι
1933 1896 2062 1940 κλύθι
2091 1900 2165 1940 καὶ
2196 1898 2334 1940 ἐσθ’λά
2365 1899 2479 1940 δίδου

20 1956 22 1966 ”
55 1971 74 2001 5
211 1961 332 2019 φοῖβε
362 1962 486 2014 ἄναξ.
518 1963 589 2006 ὅτε
620 1964 693 2021 μέν
725 1980 773 2007 σε
802 1965 888 2008 θεοὶ
919 1965 1017 2008 τέκε
1047 1965 1192 2009 πότνια
1221 1966 1336 2022 λητώ
1479 1977 1498 2007 6
1517 1966 1706 2022 φοίνικοσ
1736 1966 1913 2023 ῥαδινῆσ
1941 1968 2085 2023 χερσὶν
2115 1967 2379 2023 ἐφαψαμένη,

55 2039 73 2070 7
92 2028 316 2074 ἀθανάτων
346 2031 568 2076 κάλλιστον
601 2034 667 2076 ἐπὶ
695 2034 934 2090 τροχοειδέί·
958 2034 1096 2091 λίμνη,

53 2096 229 2155 θόδμῆσ
258 2097 497 2156 ἀμβροσίησ
527 2101 705 2157 ἐγέλασε
737 2103 785 2144 δὲ
814 2109 916 2159 γαῖα
945 2102 1131 2159 πελώρη,

1477 2045 1496 2075 8
1513 2035 1630 2076 πᾶσα
1662 2035 1734 2091 μὲν
1765 2033 1964 2090 ἐπλήσθη
1997 2035 2133 2091 δῆλοσ
2163 2034 2379 2091 ἀπειρεσίη

1455 2114 1496 2143 10
1511 2101 1707 2159 γήθησεν
1739 2103 1797 2144 δὲ·
1817 2102 1960 2160 βαθύσ
1988 2101 2144 2146 πόντοσ
2174 2098 2283 2145 ἀλὸσ
2311 2104 2466 2159 πολιῆσ

1454 2182 1494 2211 12
1512 2169 1654 2213 εἴσαθ’
1688 2170 1751 2213 ὅτ’
1785 2172 1834 2213 ὲσ
1862 2171 2003 2227 τροίην
2034 2171 2159 2214 ἔπλεε
2189 2173 2310 2227 νηυσὶ
2339 2172 2480 2214 θοαῖσ.

1455 2250 1497 2279 14
1515 2241 1580 2281 σοὶ
1611 2241 1684 2296 μὲν
1714 2239 1836 2282 τοῦτο
1867 2240 1952 2281 θεοὶ
1983 2240 2158 2296 σμικρὸν
2190 2240 2282 2296 ἐμοί
2312 2241 2358 2281 δε
2389 2240 2497 2296 μέγα

30 2176 71 2208 11
90 2165 238 2224 ἀρτεμι
268 2167 492 2225 θηροφόνη
524 2169 711 2227 θύγατερ
744 2170 854 2214 διὸσ.
886 2170 938 2227 ’ἣν
969 2170 1220 2228 ἀγαμέμνων

31 2245 73 2277 13
91 2235 306 2293 εὐχομένω
337 2252 406 2294 μοι
435 2238 564 2280 κλύθι
593 2239 740 2281 κακάσ
772 2235 812 2281 δ’
845 2235 929 2282 ἀπο
961 2241 1103 2296 κῆρασ
1133 2240 1279 2284 ἄλαλε.

31 2314 74 2346 15
91 2309 241 2362 μοῦσαι
270 2307 344 2348 καὶ
372 2305 550 2363 χάριτεσ
578 2312 728 2364 κοῦραι
759 2308 852 2350 διὸσ
883 2310 931 2350 αἵ
954 2323 1056 2351 ποτε
1086 2308 1265 2366 κάδμου,
1457 2318 1498 2348 16
1518 2309 1565 2350 ἐσ
1593 2306 1730 2364 γάμον
1760 2307 1975 2362 ἐλθοῦσαι,
2007 2308 2139 2351 καλὸν
2171 2306 2331 2350 ἀείσατ’
2365 2309 2482 2350 ἔποσ.

31 2382 72 2418 17
88 2371 174 2415 ὅττι
202 2373 335 2417 καλὸν
365 2374 484 2430 φίλον
516 2376 621 2418 ἐστὶ.
653 2375 699 2419 τὸ
732 2376 776 2418 δ’
803 2376 859 2419 οὔ
890 2377 1022 2420 καλὸν
1053 2376 1101 2419 οὐ
1131 2377 1249 2433 φιλον
1280 2377 1388 2421 ἐστιν
1451 2387 1492 2417 18
1509 2375 1622 2419 τοῦτ’
1656 2377 1762 2418 ἐποσ
1791 2375 2016 2419 ἀθανάτων
2045 2376 2160 2432 ἦλθε
2190 2377 2258 2418 διὰ
2290 2375 2504 2432 στομάτων

29 2450 74 2492 19
90 2441 215 2498 κύῶε
244 2443 503 2500 σοφιζομένω
534 2446 621 2501 μὲν,
654 2445 747 2501 ἐμοὶ
776 2447 959 2502 σφραγὶσ
990 2445 1231 2500 ἐπικείσθω,
1456 2455 1498 2485 20
1515 2443 1646 2487 τοῖσδ’
1679 2446 1796 2487 ἔπεσι
1824 2444 1946 2501 λήσει
1976 2444 2015 2487 δ’
2049 2444 2201 2487 οὔποτε
2231 2444 2495 2500 κλεπτομένα

29 2511 71 2552 21
90 2502 188 2554 οὐδέ
217 2526 281 2554 τισ
310 2510 447 2564 ἀλέξει
476 2513 625 2557 κάκιον
655 2513 869 2556 τοῦσθλοῢ
899 2513 1134 2571 παρεόντοσ
1453 2524 1494 2553 22
1512 2512 1595 2555 ῶδε
1626 2514 1672 2555 δε
1702 2514 1791 2556 πᾶσ
1819 2528 1883 2556 τισ
1914 2514 2002 2569 ἐρεῖ
2027 2512 2253 2569 θεύγνιδόσ
2282 2514 2389 2555 ἐστιν
2420 2514 2516 2569 ἔπη,

20 2572 72 2620 Β
88 2580 161 2622 τοῦ
192 2580 433 2637 μεγαρέωσ·
464 2580 628 2625 πάντασ
658 2583 705 2624 δὲ
734 2581 832 2624 κατ’
867 2581 1124 2639 ἀνθρώπουσ
1153 2578 1390 2639 ὂνομαστὸσ
1451 2592 1494 2621 24
1511 2581 1671 2623 ἀστοῖσι
1702 2577 1742 2623 δ’
1776 2581 1824 2623 οὔ
1854 2595 1920 2623 πω
1950 2584 2073 2624 πᾶσιν
2104 2581 2218 2624 ἀδεῖν
2249 2580 2444 2637 δύναμαι·

28 2658 71 2689 «νδ
89 2644 208 2692 οὐδὲν
238 2649 485 2706 θαυμαστὸν
515 2651 755 2707 πολυπαίδη
788 2650 887 2694 οὐδὲ
918 2650 1000 2708 γὰρ
1032 2647 1055 2693 ὁ
1087 2652 1199 2704 ζεύσ,
1456 2661 1498 2691 26
1516 2648 1612 2692 οὔθ’
1647 2649 1730 2693 ὕων
1760 2649 1924 2693 πάντασ
1953 2645 2119 2693 ἀνδάνει
2150 2648 2239 2692 οὔτ’
2272 2648 2434 2705 ἀνέχων

40 2727 71 2758 7
89 2717 155 2760 σοί
184 2716 223 2760 δ’
257 2718 340 2774 ἐγώ
371 2717 417 2760 εὖ
447 2719 631 2775 φρονέων
664 2715 939 2776 ὑποθήσομαι
970 2720 1037 2762 οἶα
1067 2734 1145 2775 περ
1178 2719 1308 2761 αὐτὸσ
1453 2730 1495 2759 28
1512 2710 1632 2774 mTp‘v’
1666 2718 1750 2760 ἀπὸ
1780 2719 1861 2761 τῶν
1892 2714 2070 2774 ἀγαθῶν
2099 2724 2203 2760 παῖσ
2234 2717 2290 2759 ἔτ’
2325 2716 2403 2759 ἐών
2434 2717 2596 2773 ἔμαθον

28 2785 271 2830 θπέπνυσο
303 2782 404 2843 μηδ’
438 2788 669 2844 αἰσχροῖσιν
700 2786 770 2829 ἐπ’
805 2789 951 2843 ἔργασι
982 2786 1083 2844 μηδ’
1117 2786 1309 2842 ἀδίκοισι,
1450 2798 1492 2827 30
1509 2787 1635 2844 τιμάσ
1666 2784 1766 2843 μηδ’
1799 2785 1958 2842 ἀρετάσ
1988 2786 2111 2828 ἕλκεο
2145 2784 2246 2842 μηδ’
2280 2785 2450 2840 ἄφενοσ.

27 2865 70 2896 ι,1
88 2858 218 2896 ταῦτα
249 2855 322 2910 μὲν
353 2853 489 2897 οὕτωσ
518 2855 606 2897 ἴσθι
636 2862 806 2897 κακοῖσι
837 2856 884 2897 δὲ
916 2856 972 2912 μὴ
1003 2855 1261 2912 προσομίλει,
1452 2866 1493 2895 32
1512 2854 1727 2911 ἀνδράσιν.
1760 2850 1858 2896 ἀλλ’
1892 2855 1973 2896 αἰεὶ
2001 2854 2082 2897 τῶν
2113 2853 2291 2909 ἀγαθῶν
2324 2854 2444 2908 ἔχεο·

87 2923 161 2964 καὶ
191 2923 295 2979 μετὰ
325 2929 429 2966 τοῖσι
457 2923 549 2967 πίνε
579 2925 652 2966 καὶ
683 2924 802 2966 ἔσθιε
833 2925 907 2965 καὶ
937 2923 1041 2980 μετὰ
1072 2930 1209 2978 τοῖσιν,
1451 2934 1493 2964 34
1509 2924 1573 2975 ἵζε
1603 2925 1676 2965 καὶ
1706 2922 1858 2966 ἀνδανε
1888 2929 1978 2965 τοῖσ
2007 2916 2063 2966 ὧν
2095 2921 2259 2979 μεγάλη
2293 2920 2502 2977 δύναμ[ισ]

22 2991 72 3043 [5
90 2991 255 3035 ἐσθλῶν
287 2993 359 3048 μὲν
389 2991 471 3048 γάρ
503 2988 578 3034 ἀπ’
613 2991 748 3034 ἐσθλοὶ
786 2991 1023 3049 μαθήσεαι·
1063 2991 1115 3048 ἤν
1147 2993 1193 3034 δὲ
1222 2998 1392 3035 κακοῖσι
1453 3002 1494 3032 36
1513 2991 1738 3048 συμμιγῆσ,
1769 2989 1946 3033 ἀπολεῖσ
1975 2992 2048 3032 καὶ
2076 2991 2146 3033 τὸν
2179 2989 2299 3033 ἐόντα
2330 2988 2457 3044 (νόον)

37 3242 42 3247 ¹
229 3208 402 3234 versuum
430 3199 460 3234 1.
477 3200 510 3234 3.
527 3200 550 3234 5
566 3199 671 3234 initia
688 3200 801 3244 paulo
826 3199 1029 3234 remotiora
1045 3202 1132 3234 sunt
1149 3210 1171 3235 a
1185 3200 1352 3244 margine
1369 3200 1520 3235 sinistra
1535 3203 1687 3245 propter
1705 3202 1964 3234 ornamentum
1993 3198 1998 3243 Ι
2025 3199 2046 3233 3
2072 3208 2224 3242 μεσοισιν
2249 3196 2329 3231 sine
2353 3199 2506 3232 accentu
2533 3197 2539 3243 Ι
2568 3196 2610 3231 13
2634 3197 2750 3232 ἄλαλε

39 3254 136 3306 ‘etio
162 3259 262 3291 certa
287 3260 344 3291 est
371 3256 376 3302 Ι
405 3257 447 3292 17
474 3259 575 3300 φιλον
600 3259 690 3291 ἐστιν
716 3258 796 3292 sine
821 3257 1047 3292 accentibus.

2523 3324 2544 3358 2
