2878 3580
1267 180 1321 224 45

99 323 284 378 pm’mam
316 317 499 363 docebit
529 315 572 363 d.
604 317 734 362 Mart.
766 316 905 362 Merc.
940 316 1052 363 Ven.
1084 318 1126 363 h.
1150 319 1227 363 IV.
1289 319 1669 362 Privatissime
1699 318 1793 368 111„
1821 319 2160 362 Exercitationes
2185 319 2405 375 practicas
2435 319 2481 361 in

103 389 356 433 laboratorio
387 388 603 442 byyienico
634 385 840 429 instituet
872 386 1075 443 quotidie
1108 387 1150 431 h.
1185 387 1408 431 V111-V,

307 454 655 499 GUILELMUS
679 453 957 509 FILEHNE,
993 454 1067 497 Dr.
1089 457 1136 499 P.
1159 457 1207 499 P.
1231 455 1284 499 O.
1329 456 1558 498 Publice
1578 457 1611 500 I.
1643 456 1862 498 Historiae
1891 457 2125 498 medicinae
2157 457 2299 511 capita
2328 456 2481 498 selecta

101 525 250 569 tradet
279 525 322 569 d.
348 524 459 567 Ven.
490 523 533 568 h.
560 522 612 566 V.
674 523 929 565 Privatim
960 524 1014 566 II.
1055 524 1121 566 De
1150 526 1549 568 medicamentorum
1579 525 1983 581 ordinatione.aget
2013 523 2384 567 eoeercitationibus
2406 525 2479 566 ad-

100 595 254 637 iunctis
287 592 329 636 d.
359 592 471 636 Lun.
505 597 549 635 et
577 593 672 636 Iov.
703 591 748 635 h.
778 591 844 635 IV
873 605 1020 648 usque
1053 592 1111 633 ad
1144 592 1276 634 huius
1314 593 1417 635 anni
1458 593 1608 642 tinem,
1650 606 1767 634 anno
1811 593 2015 648 proximo
2056 592 2130 634 die
2168 591 2478 635 tantummodo

99 662 211 705 Lun.
234 661 277 705 h.
298 660 378 704 IV.
436 661 511 703 III.
543 661 608 703 De
638 660 1011 704 intoaeicationibus
1030 661 1397 716 frequentioribus
1422 676 1505 717 per
1534 675 1695 705 venena
1726 662 1816 704 scil.
1842 662 2046 716 oryanica
2076 660 2270 703 disseret
2301 659 2344 705 d.
2367 660 2480 702 Lun.

100 736 144 773 et
173 730 268 773 Iov,
299 729 343 772 h.
369 728 422 772 V.
481 728 560 772 IV.
596 728 778 772 Gir-sum
807 729 914 771 artis
943 730 1343 772 medicamentorum
1367 731 1667 785 parandorum
1697 729 1903 773 instituet
1933 744 2022 772 una
2053 744 2153 771 cum
2183 728 2479 772 medicamen-

103 799 216 842 tario
247 797 598 840 Fridrichowicz
631 796 702 839 dic
735 795 822 841 def.
856 796 898 840 h.
931 795 1064 853 VI¹l2.

304 865 582 910 CAROLUS
616 864 912 915 GROSSER,
943 865 1021 908 Dr.
1052 865 1102 908 P.
1132 865 1181 909 P.
1212 865 1265 910 E.
1325 865 1566 909 Lectiones
1598 881 1689 909 non
1719 866 1919 910 habebit.

301 933 969 984 IMMANUEL'KLOPSCAEL
1008 933 1086 977 Dr.
1118 933 1166 977 P.
1197 933 1245 978 P.
1276 934 1329 977 E.
1396 935 1627 978 Publice
1669 935 1702 980 Ι.
1757 937 1823 979 De
1858 935 2049 978 methodo
2089 935 2268 978 vulnera
2297 936 2480 979 curandi

97 1006 349 1060 antiseptica
380 1003 573 1046 disseret
604 1002 740 1045 semel
770 1017 852 1059 per
881 1002 1017 1046 hebd.
1042 1002 1087 1046 h.
1110 1001 1198 1047 def.
1273 1003 1534 1046 Privatim
1566 1004 1621 1046 II.
1666 1005 1732 1047 De
1762 1005 2040 1060 orthopaedia
2071 1003 2264 1046 disseret
2295 1004 2364 1046 bis
2396 1018 2479 1060 per

99 1073 232 1116 hebd.
264 1072 671 1184 h'lzffig‘oLPHUS
704 1139 1055 1191 VOLTOLINL
1087 1139 1166 1182 Dr.
1198 1140 1246 1184 P.
1276 1140 1323 1184 P.
1355 1141 1408 1185 E.
1486 1141 1717 1184 Publice
1752 1141 1786 1185 I.
1836 1142 2075 1185 Anatomen
2112 1143 2266 1196 oryani
2304 1144 2475 1185 auditus

21 1237 24 1242 ·
96 1211 237 1267 quoad
264 1211 433 1254 morbos
465 1211 652 1267 eiusdem
687 1208 837 1252 tradet
866 1209 1006 1251 semel
1035 1223 1118 1266 per
1147 1209 1283 1252 hebd.
1315 1209 1360 1253 h.
1393 1209 1480 1254 def.
1539 1210 1928 1253 Privatissime
1960 1210 2013 1253 II.
2069 1210 2250 1254 Cursum
2282 1212 2476 1266 larynyo-

95 1281 309 1335 scopicum
339 1285 378 1322 et
407 1280 749 1334 rhinoscopicum
778 1278 984 1321 instituet
1015 1277 1150 1320 semel
1184 1293 1265 1334 per
1295 1277 1430 1322 hebd.
1462 1278 1507 1322 h.
1541 1278 1629 1323 def.

297 1358 662 1402 LEOPOLDUS
693 1357 1038 1408 AUERBACH,
1072 1357 1148 1399 Dr.
1171 1358 1218 1402 P.
1241 1358 1288 1402 P.
1311 1358 1363 1400 E.
1424 1358 1654 1400 Publice
1684 1359 1717 1402 Ι.
1754 1360 1819 1401 De
1840 1359 2001 1401 cellulis
2033 1361 2252 1414 oryanicis
2284 1359 2478 1402 disseret

95 1427 232 1470 semel
273 1442 354 1485 per
391 1427 526 1471 hebd.
569 1427 612 1471 h.
655 1427 742 1470 def.
816 1426 1080 1470 Privatim
1112 1427 1167 1470 11.
1219 1428 1557 1470 Eoeercitationes
1604 1428 1874 1482 histoloyicas
1927 1427 2235 1470 moderabitur
2280 1428 2350 1470 bis
2397 1443 2479 1484 per

95 1497 231 1541 hebd·
262 1497 684 1608 11,ΕΙΙΕΘΙῘΙΜΑΙΧῙΝΠΞ
723 1563 907 1615 COHN,
947 1564 1025 1607 Dr.
1046 1564 1095 1608 P.
1116 1564 1164 1608 P.
1186 1564 1239 1608 E.
1299 1564 1529 1607 Publice
1560 1564 1593 1608 I.
1630 1566 1972 1608 Eoeercitationes
2002 1568 2048 1609 in
2079 1566 2298 1609 oculorum
2328 1579 2475 1621 acyro-

95 1640 232 1678 torum
274 1635 531 1689 imayinibus
577 1639 667 1677 arte
695 1634 994 1689 photoyrapha
1033 1635 1293 1689 eoecipiendis
1339 1634 1645 1676 moderabitur
1683 1635 1725 1678 d.
1758 1635 1896 1679 Mero.
1929 1635 1972 1678 h.
2000 1635 2054 1678 V.
2114 1635 2381 1677 Privatim
2421 1634 2476 1678 11.

95 1705 276 1747 Cursum
306 1704 762 1759 ophthalmoscopicum
791 1702 999 1745 instituet
1030 1702 1073 1746 d.
1104 1703 1236 1746 Mart.
1271 1709 1315 1745 et
1344 1702 1458 1747 Ven.
1491 1703 1534 1747 h.
1566 1702 1646 1747 IV.

297 1782 588 1826 AEMILIUS
619 1782 903 1833 RICHTER,
935 1782 1014 1826 Dr.
1043 1782 1091 1834 P.
1121 1782 1168 1826 P.
1200 1783 1252 1826 E.
1313 1783 1542 1825 Publice
1575 1783 1606 1826 Ι.
1650 1784 1971 1838 Hernioloyiam
2012 1783 2196 1825 docebit
2227 1782 2365 1825 semel
2396 1797 2478 1840 per

93 1853 228 1897 hebd.
265 1852 310 1896 h.
352 1852 440 1896 def.
527 1852 792 1895 Privatim
834 1852 890 1895 II.
950 1854 1016 1894 De
1060 1853 1224 1894 selectis
1270 1853 1464 1907 capitulis
1511 1852 1751 1906 chiruryiae
1794 1852 1991 1907 specialis
2043 1851 2235 1894 disseret
2281 1852 2349 1894 bis
2396 1866 2477 1908 per

14 1982 15 1985 Ἴ
92 1922 228 1964 hebd.
259 1922 303 1966 h.
336 1920 421 1963 def.

294 1988 647 2033 LUDOVICUS
685 1989 847 2040 HIRT,
894 1989 972 2032 Dr.
1011 1989 1060 2032 P.
1098 1989 1146 2033 P.
1185 1989 1238 2033 E.
1298 1988 1531 2031 Publice
1567 1989 1600 2032 I.
1661 1991 1873 2044 Hyyienes
1905 1989 2104 2045 publicae
2140 1991 2282 2044 capita
2323 1990 2476 2033 selecta

93 2057 473 2102 commilitonibus
506 2058 701 2101 omnium
732 2058 938 2101 ordinum
973 2058 1198 2101 enarrabit
1229 2058 1367 2100 semel
1395 2074 1477 2115 per
1506 2058 1642 2100 hebd.
1664 2058 1709 2102 h.
1733 2057 1820 2102 def.
1879 2058 2148 2101 Privatim
2178 2059 2233 2101 H.
2268 2058 2475 2102 Clinicum

90 2133 129 2173 et
154 2129 442 2184 policlinicum
471 2128 714 2171 morborum
743 2129 801 2170 ad
828 2141 1056 2171 nervorum
1085 2132 1269 2183 systema
1291 2130 1596 2183 pertinentium
1626 2127 1934 2170 moderabitur
1965 2127 2007 2171 d.
2042 2126 2133 2171 Sat.
2156 2126 2200 2170 h.
2221 2127 2287 2168 ΠΙ
2319 2133 2363 2170 et
2392 2127 2473 2171 IV.

293 2207 493 2251 IULIUS
527 2206 1014 2259 SOMMERBRODT,
1047 2208 1125 2251 Dr.
1155 2208 1202 2252 P.
1224 2208 1272 2251 P.
1304 2208 1357 2252 E.
1402 2207 1634 2250 Publice
1664 2208 1696 2251 I.
1736 2208 1800 2250 De
1823 2208 1957 2262 pulsu
1987 2209 2244 2250 arteriarum
2278 2206 2473 2254 disseret

12 2292 18 2341 Q
91 2277 231 2320 semel
259 2291 341 2334 per
370 2276 506 2320 hebd.
539 2279 583 2320 h.
617 2275 704 2320 def.
782 2276 1047 2319 Privatim
1077 2277 1132 2320 II.
1187 2277 1338 2332 Capita
1382 2278 1535 2319 selecta
1572 2277 1843 2332 patholoyiae
1888 2281 1926 2319 et
1970 2277 2187 2331 therapiae
2230 2277 2474 2319 morborum

8 2402 17 2411 ..
92 2347 282 2402 larynqis
313 2351 351 2389 et
373 2347 624 2402 pulmonum
653 2345 804 2388 tradet
835 2351 995 2402 quater
1025 2360 1106 2402 per
1137 2345 1272 2389 hebd.
1303 2345 1348 2389 h.
1382 2344 1469 2388 def.

292 2425 614 2468 ALBERTUS
646 2425 920 2475 NEISSER,
951 2425 1030 2469 Dr.
1061 2426 1109 2469 P.
1141 2425 1188 2468 P.
1219 2425 1273 2469 E.
1334 2425 1566 2468 Publice
1597 2426 1630 2469 I.
1680 2425 1973 2481 Patholoyiam
2004 2429 2042 2470 et
2073 2425 2308 2482 therapium
2339 2425 2476 2469 morbi

15 2491 20 2525 ’ἶ
89 2496 319 2557 syphilitici
356 2494 568 2537 tractabit
607 2494 649 2538 d.
682 2494 775 2539 Sat.
806 2494 852 2539 h.
882 2493 962 2538 XI.
1020 2494 1285 2537 Privatim
1315 2495 1371 2538 ΙΙ.
1435 2495 1640 2537 Clinicum
1679 2500 1717 2538 et
1751 2496 2038 2549 policlinicum
2076 2496 2319 2539 morborum
2357 2500 2472 2538 cuta-

6 2542 17 2604 Ξ1
88 2578 266 2608 neorum
295 2569 334 2606 et
361 2577 636 2607 venerearum
666 2563 974 2606 moderabitur
1006 2563 1048 2606 d.
1079 2563 1192 2607 Lun.
1225 2563 1357 2606 Mart.
1389 2563 1484 2606 Iov.
1517 2562 1630 2607 Ven.
1662 2563 1706 2606 h.
1738 2563 1856 2606 VIII.

296 2643 464 2686 OTTO
498 2642 850 2693 SOLTMANN,
881 2643 958 2686 Dr.
993 2643 1039 2684 P.
1070 2643 1118 2685 P.
1150 2643 1202 2686 E.
1262 2643 1495 2686 Publice
1525 2644 1558 2687 Ι.
1615 2645 1680 2686 De
1710 2644 1902 2687 naturali
1931 2649 1969 2687 et
1999 2645 2216 2699 artificiali
2242 2645 2472 2698 infantium

87 2714 318 2755 nutritione
359 2726 449 2755 una
493 2726 587 2755 cum
631 2712 1060 2756 demonstrationibus
1107 2711 1300 2754 disseret
1346 2712 1387 2755 d.
1427 2712 1538 2754 Lun.
1579 2711 1623 2755 h.
1658 2712 1710 2756 V.
1771 2712 2035 2756 Privatim
2068 2714 2121 2758 Il.
2185 2715 2394 2758 Clinicum
2434 2721 2474 2758 et

84 2782 372 2836 policlinicum
397 2782 711 2837 paediatricum
741 2780 1050 2823 moderabitur
1081 2780 1123 2824 d.
1154 2781 1286 2823 Mart.
1321 2786 1364 2822 et
1384 2780 1499 2823 Ven.
1531 2780 1574 2825 h.
1601 2780 1641 2822 V
1664 2786 1708 2822 et
1732 2781 1807 2825 VI.

292 2860 467 2904 HUGO
500 2860 770 2911 MAGNUS,
810 2860 888 2904 Dr.
919 2862 968 2904 P.
998 2862 1048 2902 P.
1079 2860 1131 2903 E.
1191 2861 1424 2904 Publice
1460 2861 1494 2903 Ι.
1556 2862 1771 2904 Examina
1798 2862 2073 2914 functionum
2110 2865 2223 2907 oculi
2265 2863 2472 2907 instituet

19 2947 21 2952 ’
89 2928 158 2971 bis
191 2942 271 2985 per
301 2929 437 2974 hebd.
467 2930 513 2974 h.
547 2930 634 2973 def.
693 2930 958 2972 Privatim
996 2929 1050 2971 II.
1109 2931 1449 2973 Emercitationes
1480 2929 1913 2986 ophthalmoscopicas
1951 2931 2256 2975 moderabitur
2285 2934 2356 2976 bis
2390 2948 2471 2989 per

20 3034 22 3039 ,
87 2997 224 3042 hebd.
255 2998 299 3042 h.
333 2998 422 3043 def.

102 3084 109 3091 ·
295 3066 621 3110 GUSTAVUS
661 3064 851 3117 BORN,
898 3066 976 3111 Dr.
1014 3067 1062 3113 P.
1100 3067 1149 3112 P.
1189 3066 1241 3112 E.
1319 3066 1543 3111 Publice
1581 3065 1614 3112 I.
1677 3064 1961 3125 Osteoloyiam
2007 3074 2044 3114 'et
2089 3071 2470 3127 syndesmoloyiam

87 3135 270 3178 bominis
299 3137 537 3191 yeneralem
567 3134 718 3179 tradet
748 3136 885 3178 semel
905 3151 988 3193 per
1008 3137 1143 3182 hebd.
1167 3138 1209 3181 h.
1234 3138 1320 3182 def.
1343 3153 1489 3195 usque
1521 3138 1579 3180 ad
1610 3138 1744 3181 huius
1777 3139 1880 3181 anni
1910 3139 2055 3185 finem.
2115 3141 2381 3185 Privatim
2411 3143 2467 3188 II.
