2898 3516
1479 206 1530 247 18

565 319 659 362 folii
689 320 770 361 29ν
802 319 1009 361 columna
1039 319 1069 360 Ι.

145 408 209 438 597
228 396 304 453 δὴν
334 398 387 454 δή
417 399 491 440 καὶ
519 397 630 453 φίλοι
660 396 769 453 ὦμεν
799 391 904 452 ἀταρ
934 393 969 439 τ’
1005 392 1188 439 ἄλλοισιν
1218 394 1372 453 ὁμιλεῖν

146 476 211 506 599
229 465 278 508 οὔ
309 465 352 522 μ’
387 466 547 508 ἔλαθεσ
576 466 726 521 φοιτῶν
756 464 854 507 κατ’
889 463 1083 521 ἀμαξιτὸν
1112 463 1164 520 ἣν
1195 464 1278 520 ἄρα
1307 466 1381 506 καὶ
1406 466 1500 521 πρὶν

145 544 207 574 601
229 534 323 589 ἔρρε
353 534 510 577 θεοῖσιν
542 534 676 590 ἐχθρὲ
705 534 778 575 καὶ
808 532 1087 589 ἀνθρώποισιν
1118 532 1266 575 ἄπιστε

145 611 210 642 603
227 601 385 657 τοιά(δε
415 604 504 659 καὶ)
537 601 757 659 μάγνητασ
787 600 1002 645 ἀπώλεσεν
1033 602 1137 658 ἔργα
1166 603 1240 644 καὶ
1268 601 1388 659 ὅβρισ

144 680 208 710 605
226 670 369 713 πολλῶ
399 686 461 713 τοι
490 670 674 714 πλέονασ
701 670 847 726 λοιμοῦ
877 669 1009 726 κόροσ
1039 670 1193 714 ὤλεσεν
1222 670 1307 727 ἤδη

143 748 207 778 607
226 734 340 795 ἀρχῆ
372 739 439 781 ἐπὶ
468 738 651 794 ψεύδουσ
682 738 809 795 μικρὰ
838 737 967 795 χάρισ
997 739 1060 781 εἰσ
1089 739 1136 781 δὲ
1164 739 1374 795 τελευτήν,

144 816 209 846 609
225 806 379 862 γίνεται
410 806 506 849 ούδε
535 822 572 850 τι
601 805 732 850 καλὸν
761 806 844 862 ὅτῳ
875 805 1034 862 ψεύδοσ
1062 813 1349 864 προσομαρτεῖ

143 884 206 914 611
226 874 274 917 οὗ
304 876 492 931 χαλεπὸν
522 875 643 930 ψέξαι
671 874 740 918 τὸν
768 875 944 931 πλησίον
974 874 1071 917 οὐδέ
1102 890 1175 932 μεν
1205 874 1328 919 αὐτὸν

144 952 209 982 613
227 944 344 998 σιγᾶν
374 942 414 985 δ’
448 941 527 985 οὐκ
558 943 753 985 ἐθέλουσι
782 945 909 985 κακοὶ
938 943 1056 986 κακὰ
1084 942 1380 999 λεσχάζοντεσ.

142 1020 207 1051 615
226 1010 374 1054 οὐδένα
403 1010 635 1068 παμπήδην
665 1010 831 1067 ἀγαθὸν
861 1013 934 1054 καὶ
964 1012 1125 1068 μέτριον
1155 1011 1286 1067 ἄνδρα

142 1089 207 1119 617
226 1078 312 1121 οὔτι
343 1075 444 1136 μάλ’
479 1078 723 1136 ἀνθρώποισ
752 1079 996 1136 καταθύμια
1026 1078 1161 1123 πάντα
1190 1080 1367 1122 τελεῖται

145 1157 210 1188 619
227 1146 350 1190 πόλλ’
385 1149 427 1191 ἐν
458 1143 717 1205 ἀμηχανίησι
746 1148 988 1205 κυλίνδομαι
1020 1147 1255 1205 ἀχνύμενοσ
1284 1149 1368 1204 κῆρ

142 1226 204 1256 621
224 1218 311 1258 πάσ
339 1231 403 1258 τισ
432 1216 627 1260 πλούσιον
658 1216 788 1273 ἄνδρα
817 1217 891 1259 τίει
922 1216 1024 1259 ἀτίει
1055 1218 1101 1259 δὲ
1131 1217 1326 1273 πενιχρὸν

142 1294 206 1324 623
222 1291 412 1327 παντοῖαι
441 1284 682 1341 κακότητεσ
713 1285 755 1327 ἐν
785 1283 1065 1340 ἀνθρώποισιν
1096 1287 1215 1328 ἔασσι

138 1363 202 1392 625
221 1348 427 1409 ἀργαλέον
458 1354 682 1410 φρονέοντα
711 1353 813 1409 παρ’
848 1354 999 1410 ἄφροσι
1028 1349 1152 1396 πόλλ’
1187 1353 1401 1411 ἀγορεύειν

121 1430 204 1460 ⁴627
223 1421 396 1478 αἰσχρόν
426 1437 462 1464 τι
493 1421 704 1479 μεθύοντα
734 1420 836 1478 παρ’
870 1421 1041 1478 ἀνδρᾶσι
1070 1421 1248 1479 νήφουσ’
1283 1424 1382 1466 εἶναι

138 1499 202 1529 629
220 1486 306 1546 ἥβη
337 1493 410 1532 καὶ
439 1490 590 1546 νεότησ
620 1491 874 1547 ἐπικουφίζει
902 1490 996 1534 νόον
1027 1487 1180 1547 ἀνδρὸσ

141 1568 203 1598 631
225 1558 258 1600 ῶ
288 1574 365 1615 περ
398 1558 454 1616 μή
486 1560 625 1616 θυμοῦ
655 1560 859 1615 κρείσσων
889 1559 1001 1612 νόοσ,
1034 1561 1120 1603 αἰὲν
1152 1561 1193 1603 ἐν
1224 1560 1346 1602 ἄταισ

138 1636 203 1667 633
223 1627 423 1684 βουλεύου
455 1628 520 1670 δὶσ
549 1630 622 1670 καὶ
651 1630 742 1684 τρὶσ
771 1627 794 1670 ὅ
823 1643 860 1670 τι
889 1624 934 1670 κ’
968 1630 1035 1670 επὶ
1063 1627 1132 1671 τὸν
1161 1627 1254 1671 νόον
1285 1629 1393 1685 ἐλθη

140 1706 204 1736 635
223 1695 395 1752 ἀνδράσι
424 1703 514 1739 τοῖσ
544 1696 730 1753 ἀγαθοῖσ
760 1698 902 1739 ἕπεται
930 1696 1075 1753 γνώμη
1107 1712 1152 1739 τε
1182 1698 1255 1739 καὶ
1285 1695 1417 1739 αἰδώσ

137 1774 202 1805 637
221 1764 340 1806 ἐλπὶσ
369 1766 442 1806 καὶ
471 1765 662 1808 κίνδυνοσ
692 1765 734 1807 ἐν
765 1763 1043 1820 ἀνθρώποισιν
1074 1763 1207 1821 ὁμοῖοι

139 1843 204 1874 639
221 1831 403 1875 πολλάκι
432 1831 517 1888 πάρ
549 1832 672 1884 δόξαν
701 1848 747 1875 τε
776 1835 851 1874 καὶ
882 1833 1030 1875 ἐλπίδα
1060 1835 1213 1889 γίνεται
1244 1828 1389 1888 εὑρεῖν,

137 1912 200 1942 641
221 1901 268 1943 οὔ
298 1916 361 1943 τοι
390 1900 513 1957 κήσει
545 1897 567 1943 ὃ
599 1902 661 1943 εἶσ
691 1900 776 1943 οὔτ’
811 1899 951 1944 εῦνουν
982 1901 1078 1943 οὔτε
1107 1900 1176 1944 τὸν
1208 1902 1377 1958 ἐχθρὸν.

137 1979 202 2009 643
219 1969 367 2011 πολλοὶ
396 1969 481 2024 πὰρ
512 1967 686 2024 κλήτορι
715 1969 826 2025 φίλοι
855 1969 1034 2025 γίνονται
1065 1969 1218 2025 ἐταῖροι

138 2047 203 2077 645
221 2036 410 2092 παύρουσ
439 2036 681 2093 κηδεμόνασ
710 2037 883 2079 πιστοῦσ
914 2037 1053 2093 εὕροισ
1081 2052 1154 2081 κεν
1187 2037 1390 2094 έταίρουσ,

139 2115 204 2145 647
221 2105 305 2161 ἤδη
336 2110 404 2148 νῦν
435 2106 567 2147 αἰδώσ
598 2107 670 2162 μὲν
701 2106 743 2149 ἐν
774 2105 1052 2161 ἀνθρώποισιν
1082 2105 1240 2149 ὄλωλεν

81 2175 84 2178 ’
138 2182 203 2213 649
221 2171 249 2213 ἀ
279 2172 394 2229 δειλὴ
426 2173 543 2230 πενίη
574 2173 612 2216 τί
642 2174 773 2230 ἐμοῖσι
803 2173 1030 2230 καθημένη
1062 2173 1194 2230 ὥμοισ

137 2251 200 2281 651
221 2241 378 2297 αἰσχρὰ
408 2241 454 2283 δέ
485 2237 530 2298 μ’
564 2240 642 2284 οὐκ
673 2242 876 2285 ἐθέλοντα
908 2242 976 2299 βίη
1009 2243 1082 2284 καὶ
1111 2241 1249 2284 πολλὰ
1280 2241 1494 2285 διδάσκεισ

136 2320 201 2350 653
220 2308 425 2367 εὐδαίμων
456 2312 544 2366 εἴην
573 2313 647 2353 καὶ
676 2311 799 2353 θεοῖσ
828 2311 965 2367 φίλοισ
996 2307 1244 2354 ἀθανάτοισι

135 2388 200 2419 655
219 2379 291 2421 σὺν
323 2381 387 2421 σοὶ
416 2371 540 2435 κύ-ρνε
570 2378 750 2422 παθόντι
779 2381 929 2421 κακῶσ
960 2378 1178 2436 ἀνιώμεθα
1208 2378 1365 2422 πάντεσ

137 2457 202 2487 657
224 2448 352 2503 μηδὲν
383 2445 489 2503 ἄγαν
517 2448 760 2504 χαλεποῖσιν
791 2444 880 2490 ἀσῶ
911 2449 1040 2504 φρένα
1071 2446 1170 2505 μηδ’
1207 2443 1406 2504 ἀγαθοῖσι

136 2526 201 2556 659
220 2511 311 2558 οόδ’
344 2511 494 2572 ὀμόσαι
523 2516 608 2573 χρὴ
639 2521 759 2559 τοῦτο
792 2515 954 2573 μήποτε
983 2516 1159 2573 πράγμα
1187 2512 1277 2559 τόδ’
1312 2517 1426 2558 ἔσται

136 2594 198 2624 661
219 2586 292 2626 καὶ
320 2585 472 2640 πρῆξαι
503 2585 638 2640 μέντοι
667 2585 722 2627 τί·
754 2587 828 2627 καὶ
859 2586 908 2627 ἐκ
938 2586 1075 2627 κακοῦ
1107 2583 1262 2627 ἐσθλὸν
1293 2586 1434 2640 ἔγεντο

138 2662 202 2692 663
221 2653 324 2707 αἶψα
356 2651 454 2708 μάλ’
489 2652 740 2709 ἐπλούτησε.
771 2655 846 2694 καὶ
875 2652 925 2694 ὃσ
956 2652 1070 2709 μάλα
1100 2652 1238 2695 πολλὰ
1268 2647 1490 2708 πέπάσται,

137 2731 201 2761 665
219 2722 293 2762 καὶ
322 2719 497 2776 σώφρων
526 2720 708 2777 ἥμαρτε.
739 2722 813 2762 καὶ
844 2721 989 2777 ἄφρονι
1018 2720 1200 2763 πολλάκι
1230 2720 1330 2773 δόξα

136 2799 199 2829 667
218 2789 253 2830 εἰ
283 2790 356 2845 μὲν
384 2784 574 2845 χρήματ’
607 2790 743 2846 ἔχοιμι
773 2790 969 2845 σιμωνίδη
1002 2790 1069 2831 οἶα
1099 2804 1177 2845 περ
1208 2789 1322 2846 ἤδειν

1912 320 2006 363 folii
2036 322 2120 364 29v
2150 322 2359 365 columna
2388 322 2437 365 IL

1559 408 1625 439 598
1642 395 1837 454 ἀνδράσιν
1867 399 1909 441 οἳ
1934 398 2003 443 τὸν
2032 400 2294 458 σὸν,μᾶλλον
2323 402 2435 444 ἴσασι
2463 400 2558 444 νόον

1559 476 1625 507 600
1641 464 1869 522 ἤλάστρεισ
1897 467 2088 511 κλέπτων
2116 463 2325 525 ἡμετέρην
2353 469 2493 525 φιλίην

1558 544 1624 575 602
1641 533 1802 590 ψυχρὸν
1832 533 1883 577 ὃσ
1913 535 1956 577 ἐν
1984 534 2133 579 κόλπω
2162 537 2350 581 ποικίλον
2379 538 2498 594 εἶχεσ
2527 537 2618 594 ὄφιν

1561 611 1628 642 604
1645 602 1712 644 οἵα
1741 617 1794 644 τα
1823 602 1892 646 νῦν
1922 602 2036 659 ἱερήν
2065 603 2190 660 τήνδε
2217 604 2336 648 πόλιν
2364 605 2539 662 κατέχει

1559 679 1625 710 606
1643 669 1803 726 ἄνδρασ
1831 667 1923 713 ὅσοι
1953 671 2107 729 μοίρησ
2135 672 2276 716 πλεῖον
2305 674 2418 730 ἔχειν
2448 674 2599 717 ἔθελον

1558 748 1623 778 608
1642 738 1816 794 αἰσχρὸν
1846 738 1899 795 δὴ
1931 738 2086 795 κέρδοσ
2114 741 2188 782 καὶ
2215 740 2351 785 κακὸν
2378 740 2616 798 ἀμφότερον

1560 816 1627 847 610
1644 802 1778 862 ἀνδρὶ’
1810 806 1891 850 κᾶν
1921 807 2075 863 ἐξέλθη
2106 808 2270 864 πρῶτον
2299 805 2382 852 ἀπὸ
2413 809 2623 867 στόματοσ

1559 884 1624 915 612
1643 874 1830 931 αἰνῆσαι.
1862 875 2018 917 δειλοῖσ
2047 874 2218 932 ἀνδράσι
2246 877 2378 920 ταῦτα
2408 878 2523 934 μέλει

1556 953 1624 983 614
1641 943 1680 985 οῖ
1708 942 1750 985 δ’
1783 938 1943 1000 ἀγαθοὶ
1971 943 2136 988 πάντων
2166 944 2313 1001 μέτρον
2342 946 2475 989 ἴσασιν
2505 947 2618 1002 ἔχειν

1559 1021 1624 1052 616
1641 1011 1721 1055 τῶν
1749 1011 1818 1055 νῦν
1850 1011 2085 1068 ἀνθρώπων
2114 1012 2261 1069 ἠέλιοσ
2289 1014 2462 1070 καθ-ορά

1556 1089 1622 1120 618
1639 1080 1805 1123 πολλῶν
1834 1080 1916 1137 γὰρ
1946 1081 2113 1137 θνητῶν
2142 1081 2371 1137 κρέσσονεσ
2400 1081 2605 1125 ἀθάνατοι

1559 1159 1624 1189 620
1643 1148 1779 1205 ἄκρην
1807 1148 1890 1205 γὰρ
1919 1149 2063 1206 πενίην
2093 1147 2187 1206 οὐχ’
2223 1145 2561 1207 ὑπερεδράμομεν

1557 1226 1623 1257 622
1639 1216 1740 1259 πᾶσι
1770 1215 1809 1259 δ’
1844 1216 2087 1273 ἀνθρώποιο
2117 1217 2246 1261 αῦτὸσ
2276 1219 2406 1262 ἔνεστι
2433 1217 2545 1262 νόοσ.

1555 1295 1622 1325 624
1638 1291 1789 1327 παντοῖ
1814 1283 1855 1327 δ’
1890 1285 2034 1342 ἀρεταὶ
2062 1288 2137 1328 καὶ
2167 1286 2305 1344 βιότου
2335 1287 2527 1344 παλαμαι

1555 1363 1620 1393 626
1637 1355 1710 1395 καὶ
1740 1353 1858 1410 σιγᾶν
1888 1355 1969 1397 αἰεὶ
1997 1355 2118 1397 τοῦτο
2148 1354 2230 1411 γὰρ
2260 1355 2309 1398 οὐ
2339 1355 2512 1398 δυνατὸν

1556 1432 1622 1462 628
1640 1422 1814 1478 αἰσχρόν
1845 1421 1885 1464 δ’
1919 1423 1955 1464 εἰ
1983 1422 2126 1479 νήφων
2154 1422 2271 1480 παρὰ
2300 1422 2504 1480 μεθύουσι
2534 1423 2644 1480 μένει

1555 1500 1620 1530 630
1636 1491 1802 1534 πολλῶν
1832 1490 1871 1532 δ’
1907 1491 2057 1547 ἐξαίρει
2087 1491 2223 1548 θυμὸν
2253 1492 2302 1534 ἐσ
2332 1487 2575 1548 ἀμπλακίην

1557 1569 1622 1599 632
1639 1551 1763 1615 κύ-ρνε
1792 1561 1867 1601 καὶ
1897 1559 2105 1616 μεγάλαισ
2133 1566 2267 1603 κεῖται
2297 1560 2604 1617 ἐναμπλακίαισ

1556 1637 1623 1668 634
1640 1627 1807 1684 ἀτειρὸσ
1835 1627 1916 1684 γάρ
1946 1643 2008 1670 τοι
2036 1627 2199 1686 λάβροσ
2228 1627 2333 1684 ἀνὴρ
2362 1629 2539 1671 τελέθει.

1558 1706 1623 1737 636
1641 1694 1689 1738 οὕ
1719 1696 1787 1739 νῦν
1819 1698 1892 1753 μὲν
1920 1696 2116 1739 πολλοῖσ.
2148 1696 2432 1753 ἀτρεκέωσ,δ’
2465 1693 2625 1753 ὂλίγοισ

1555 1774 1620 1805 638
1638 1761 1750 1807 οῦτοι
1779 1765 1861 1821 γὰρ
1891 1765 2074 1821 χαλεποὶ
2103 1765 2301 1822 δαίμονεσ
2330 1761 2556 1822 ἀμφότεροι

1555 1843 1621 1873 640
1639 1831 1728 1888 ἔργ’
1763 1832 1942 1888 ἀνδρῶν.
1975 1833 2150 1890 βουλαῖσ
2179 1829 2218 1875 δ’
2252 1833 2331 1875 οὐκ
2361 1833 2555 1890 επέγεντο
2584 1833 2709 1876 τέλοσ

1554 1911 1620 1941 642
1638 1901 1674 1942 εἰ
1704 1901 1761 1957 μὴ
1794 1901 2023 1943 σπουδαίου
2052 1900 2304 1958 πρήγματοσ
2334 1900 2573 1957 ἀντιτύχησ.

1550 1979 1617 2009 644
1635 1969 1676 2011 ἐν
1707 1970 1754 2011 δὲ
1784 1970 1998 2012 σπουδαίω
2027 1969 2242 2026 πρήγματι
2271 1969 2520 2025 παυρότεροι

1553 2048 1619 2078 646
1636 2038 1825 2094 κείμενον
1857 2039 1898 2082 ἐν
1929 2039 2094 2095 μεγαλη
2126 2037 2262 2093 θυμὸν
2292 2037 2507 2095 ἀμηχανίη

1554 2117 1619 2147 648
1637 2105 1770 2162 αὐτὰρ
1801 2105 1965 2163 ἀναιδίη
1997 2113 2120 2162 γαῖαν
2152 2107 2440 2163 ἐπιστρέφεται

1550 2184 1616 2215 650
1634 2174 1756 2231 σῶμα
1786 2174 2083 2231 καταισχύνεισ
2111 2177 2185 2217 καὶ
2213 2174 2307 2218 νόον
2336 2171 2539 2232 ἡμέτερον

1554 2253 1619 2283 652
1637 2243 1774 2285 ἐσθλοὶ
1803 2242 1905 2298 παρ’
1939 2242 2174 2299 ἀνθρώπων
2203 2245 2276 2285 καὶ
2304 2241 2419 2285 κάλα
2449 2241 2723 2299 ἐπιστάμενοσ

1551 2321 1617 2352 654
1633 2301 1752 2366 ἷιῦρν’
1786 2310 1943 2367 ἀρετῆσ
1973 2311 2111 2368 ἄλλησ
2141 2311 2341 2368 οῦδεμιάσ
2371 2312 2521 2367 ἔραμαι

1552 2390 1617 2420 656
1634 2378 1745 2421 ἀλλά
1774 2393 1836 2421 τοι
1866 2378 2082 2435 ἀλλότριον
2111 2379 2249 2435 κῆδοσ
2278 2378 2502 2435 ἐφημέριον

1552 2458 1617 2488 658
1634 2443 1752 2504 χαῖρ’
1786 2448 1876 2489 ἐπεὶ
1906 2446 1994 2489 ἐστ’
2030 2447 2184 2503 ἀνδρόσ
2211 2446 2346 2490 πάντα
2376 2447 2514 2503 φέρειν
2543 2442 2713 2503 ἀγαθοῦ

1550 2526 1615 2556 660
1634 2516 1728 2558 θεοὶ
1757 2514 1838 2572 γάρ
1869 2531 1914 2558 τε
1943 2515 2147 2572 νεμεσῶσ’
2180 2516 2281 2558 οἶσιν
2312 2517 2450 2558 ἔπεστι
2478 2515 2614 2558 τέλοσ.

1552 2595 1617 2626 662
1634 2586 1707 2626 καὶ
1737 2583 1872 2627 κακὸν
1902 2584 1944 2636 ἐξ
1975 2580 2164 2640 ἀγαθοῦ.
2195 2584 2270 2626 καί
2298 2599 2343 2627 τε
2372 2585 2572 2641 πενιχρὸσ
2600 2583 2718 2640 ἀνὴρ,

1550 2664 1618 2694 664
1635 2653 1678 2705 ἐξ
1708 2653 1863 2709 ἀπίνησ
1890 2651 2027 2695 πάντα
2058 2652 2190 2694 ὤλεσε
2218 2654 2333 2695 νυκτὶ
2364 2652 2436 2709 μιᾶ

1552 2732 1618 2762 666
1636 2722 1785 2763 ἕσπετο
1814 2722 1889 2763 καὶ
1917 2719 2014 2777 τιμή
2027 2754 2036 2763 .
2067 2722 2142 2762 καὶ
2171 2719 2312 2763 κακόσ
2342 2718 2398 2764 ὢν
2428 2721 2580 2777 ἔλαχεν

1554 2800 1620 2830 668
1636 2789 1715 2831 οὐκ
1745 2787 1928 2845 ἀνιώμην
1957 2794 2083 2832 τοῖσιν
2113 2785 2313 2846 ἀγαθοῖσι
2342 2788 2510 2844 συνώ[ν]

336 3070 403 3104 597
428 3066 521 3113 ἀταρ
547 3070 626 3104 sine
652 3073 806 3104 accentu
833 3070 837 3115 Ι
865 3071 933 3104 604
956 3082 1001 3104 τα
1024 3081 1069 3105 ex
1093 3070 1138 3104 τὰ
1156 3073 1359 3105 correctum
1385 3070 1390 3116 Ι
1418 3071 1485 3105 607
1509 3067 1607 3114 ἀρχῆ
1624 3070 1848 3104 vocabulum
1873 3073 2027 3105 accentu
2052 3069 2284 3105 circumflexo
2308 3068 2525 3103 instructum
2544 3072 2610 3110 est,
2636 3068 2708 3103 nisi
2724 3068 2849 3104 omnia

134 3127 269 3161 fallunt
296 3126 300 3171 Ι
327 3128 394 3161 607
421 3129 477 3160 ἐπὶ
501 3127 676 3171 scriptum
701 3130 767 3168 est,
793 3138 868 3162 non
894 3129 950 3161 ἐπι
977 3127 981 3172 Ι
1015 3129 1082 3162 609
1109 3125 1192 3161 οὐδε
1216 3128 1295 3162 sine
1321 3130 1475 3162 accentu
1514 3126 1518 3173 Ι
1557 3128 1625 3162 609
1650 3127 1782 3171 ψεύδοσ
1807 3127 1887 3172 (sic)
1916 3128 1920 3173 Ι
1948 3128 2018 3162 624·
2040 3129 2205 3171 παλαμαι
2228 3127 2308 3161 sine
2333 3129 2489 3161 accentu
2523 3127 2528 3170 Ι
2567 3127 2635 3161 632
2667 3128 2847 3169 ὲναμπλα-

134 3187 230 3218 κίαισ
247 3195 295 3218 an
319 3181 576 3227 ενάμπλακίαισ
599 3185 779 3220 incertum
806 3184 811 3230 Ι
838 3186 906 3219 633
931 3182 966 3218 κ’
989 3188 1044 3218 επί
1069 3196 1118 3219 an
1141 3187 1223 3219 κέπί
1246 3185 1427 3220 incertum
1453 3184 1458 3231 Ι
1485 3185 1554 3220 640
1579 3188 1745 3229 επέγεντο
1763 3185 1843 3220 sine
1859 3185 1991 3230 spiritu
2017 3185 2022 3231 Ι
2050 3185 2118 3219 646
2144 3186 2283 3228 μεγαλη
2309 3184 2389 3219 sine
2407 3187 2561 3219 accentu
2587 3184 2592 3229 Ι
2620 3184 2687 3218 647
2712 3183 2872 3227 ὄλωλενχ

136 3264 180 3287 ex
205 3252 338 3286 ὤλολεν
363 3256 567 3288 correctum
605 3253 610 3299 Ι
649 3254 717 3288 653
743 3255 859 3296 φίλοισ
884 3253 965 3297 (sic)
1006 3254 1010 3298 Ι
1050 3254 1117 3288 657
1144 3256 1253 3297 μηδὲν
1277 3265 1323 3288 ex
1348 3254 1457 3298 μηδὲν
1482 3258 1686 3289 correctum
1725 3253 1729 3299 Ι
1768 3255 1836 3289 663
1861 3254 2033 3290 vocabuli
2057 3241 2235 3289 πέποοισται
2259 3253 2327 3298 (sic
2350 3253 2442 3298 fere)
2467 3253 2568 3298 prius
2594 3264 2618 3287 α
2641 3253 2737 3287 inter
2760 3252 2870 3288 scri·-

133 3310 295 3345 bendum
320 3320 364 3344 ex
389 3321 407 3353 ρ
434 3313 637 3345 correctum
662 3313 718 3345 est
744 3310 749 3356 Ι
777 3311 846 3345 664
871 3313 931 3354 μιοῖ
957 3321 1002 3345 ex
1027 3314 1087 3354 μία
1112 3314 1326 3354 correctum,
1349 3315 1391 3347 ut
1414 3312 1568 3347 videtur.
