2878 3580
1540 382 1592 423 50

577 520 888 565 EUGENIUS
920 519 1252 568 KOELBING,
1285 519 1362 563 Dr.
1393 519 1442 564 P.
1474 519 1522 563 P.
1556 518 1610 563 O.
1668 518 1901 561 Publice
1930 520 1963 563 1.
2000 518 2232 563 Seminarii
2260 521 2544 564 Romanensis
2575 522 2752 564 sectioni

373 591 576 646 Anylicae
622 589 815 646 praeerit
861 588 902 630 d.
942 589 1036 633 Iov.
1078 588 1122 631 h.
1156 587 1221 630 VI
1257 592 1301 630 et
1340 587 1436 632 VII.
1502 587 1767 630 Privatim
1805 587 1862 630 11.
1921 588 2159 631 Historiam
2204 590 2441 632 litterarum
2477 589 2754 643 Anylicarum

372 660 470 701 inde
495 658 552 700 ‘ab
584 662 717 700 aetate
747 657 1052 699 Elisabethana
1080 669 1213 711 usque
1244 656 1300 698 ad
1331 670 1369 698 a.
1391 656 1515 697 1700
1546 655 1772 697 enarrabit
1803 655 1961 697 d.10v.
1985 661 2029 697 et
2045 654 2161 700 Ven.
2183 656 2227 699 h.
2249 656 2293 699 X
2315 662 2359 699 et
2378 656 2455 699 XI.
2514 655 2590 699 111.
2620 656 2753 699 Prae·

360 727 486 779 fatus
526 726 576 768 de
615 725 822 767 Chauceri
866 725 952 766 vita
998 729 1035 766 et
1078 724 1251 779 scriptis
1299 724 1528 779 Proloyum
1571 724 1912 766 Enarrationum
1955 722 2349 778 Cantabriyensiwn
2386 723 2755 781 interpretabitur

373 793 415 837 d.
447 793 585 835 Merc.
617 791 661 834 h.
694 791 738 834 V
770 796 813 833 et
844 791 918 835 VI.

577 875 888 919 GEORGIUS
926 875 1222 925 HUEFFER,
1254 875 1332 919 Dr.
1354 875 1403 919 P.
1425 874 1472 917 P.
1496 874 1550 918 O.
1611 875 2000 917 Privatissime
2038 882 2088 917 et
2127 877 2299 932 gratis
2336 878 2368 919 I.
2414 879 2754 921 Exercitationes

378 945 604 988 historicas
634 945 943 987 moderabitur
972 944 1089 986 binis
1123 958 1202 1000 per
1232 942 1369 987 hebd.
1403 943 1445 987 h.
1479 942 1564 986 def.
1629 942 1892 985 Privatim
1924 943 1978 987 II.
2016 944 2255 987 Historiam
2290 947 2528 999 generalem
2565 947 2664 989 inde
2700 945 2752 988 ab

369 1027 481 1056 anno
513 1013 631 1055 1648
661 1027 793 1069 usque
825 1014 882 1056 acl
911 1026 1069 1055 annum
1101 1012 1220 1054 1789
1253 1011 1476 1054 enarrabit
1508 1016 1665 1067 quater
1697 1025 1779 1067 per
1808 1011 1944 1055 hebd.
1975 1010 2019 1055 h.
2052 1011 2143 1055 def.

575 1097 927 1141 LUDOVICUS
951 1097 1202 1147 ELSTER,
1236 1097 1313 1140 Dr.
1342 1096 1390 1140 P.
1412 1096 1459 1140 P.
1485 1095 1538 1142 O.
1569 1096 1799 1138 Publice
1833 1097 1868 1140 Ι.
1898 1098 2239 1140 Exercitationes
2271 1100 2754 1154 oeconomico-politicas

372 1164 511 1207 semel
540 1176 623 1221 per
654 1166 788 1210 hebd.
829 1166 946 1207 binis
985 1165 1110 1207 horis
1149 1164 1372 1207 moderari
1410 1170 1582 1222 perget.
1643 1164 1906 1207 Privatim
1939 1164 1993 1207 ΙΙ.
2057 1164 2336 1209 Oeconomiae
2358 1167 2562 1222 politicae
2585 1172 2755 1222 partem

367 1234 607 1287 =qeneralem
648 1234 831 1276 docebit
871 1233 913 1277 (1.
950 1233 1062 1275 Lun.
1102 1234 1233 1276 Mart.
1274 1233 1412 1276 Merc.
1443 1234 1538 1275 Iov.
1562 1232 1677 1275 Ven.
1710 1232 1752 1277 h.
1788 1233 1841 1275 V.
1916 1234 1992 1277 111.
2042 1235 2294 1276 Doctrinam
2331 1248 2475 1277 rerum
2506 1235 2563 1276 ad
2591 1235 2753 1277 reditus

363 1303 556 1357 publicos
582 1304 887 1357 pertinentium
916 1301 1129 1344 tractabit
1170 1301 1211 1345 d.
1249 1301 1361 1344 Lun.
1402 1301 1536 1344 Mart.
1567 1300 1707 1343 Merc.
1737 1302 1834 1343 Iov.
1867 1301 1982 1345 Ven.
2015 1301 2058 1344 h.
2089 1301 2169 1346 IV.
2229 1301 2308 1344 IV.
2354 1303 2419 1345 De
2448 1316 2497 1345 re
2527 1303 2679 1345 sociali
2707 1303 2754 1345 in
2835 1327 2837 1329 ·

372 1372 549 1425 imperio
585 1370 838 1413 Germanico
872 1370 1064 1412 disseret
1096 1369 1136 1411 (1.
1169 1370 1307 1411 Mero.
1340 1369 1383 1411 h.
1416 1369 1495 1414 VI.

569 1455 829 1498 IACOBUS
875 1454 1357 1504 FREUDENTHAL,
1414 1453 1492 1498 Dr.
1537 1454 1586 1498 P.
1625 1454 1673 1497 P.
1716 1453 1770 1498 O.
1844 1455 2078 1497 Publice
2133 1454 2164 1499 Ι.
2231 1456 2572 1498 Exercitationes
2612 1457 2749 1511 philo·

368 1523 525 1577 sophas
570 1523 877 1565 moderabitur
924 1523 964 1565 d.
1003 1524 1129 1566 Mart.
1170 1524 1213 1565 h.
1249 1523 1325 1567 VI.
1398 1523 1662 1564 Privatim
1701 1524 1758 1566 II.
1803 1525 2043 1567 Historiam
2072 1525 2371 1579 philosophiae
2406 1525 2505 1566 inde
2537 1539 2564 1567 a
2594 1525 2751 1567 Kantio

366 1605 499 1646 usque
530 1593 587 1634 acl
616 1597 806 1635 nostram
838 1596 1016 1634 aetatem
1048 1591 1274 1634 enarrabit
1306 1591 1348 1634 d.
1380 1592 1492 1635 Lun.
1524 1592 1652 1635 Mart.
1684 1592 1818 1635 Merc.
1849 1593 1944 1636 Iov,
1975 1592 2020 1636 h.
2042 1591 2100 1636 V.

570 1677 898 1720 AUGUSTUS
930 1676 1086 1731 FICK,
1118 1677 1196 1721 Dr.
1229 1678 1275 1720 P.
1307 1678 1355 1721 P.
1390 1677 1443 1721 O.
1498 1677 1882 1720 Privatissime
1909 1682 1960 1719 et
1982 1677 2158 1734 gratis
2178 1678 2211 1721 I.
2241 1679 2583 1721 Exercitationes
2611 1691 2751 1732 yram·

363 1747 540 1787 maticas
571 1745 880 1787 moderabitur
912 1745 1050 1786 semel
1081 1759 1162 1801 per
1192 1745 1328 1789 hebd.
1362 1745 1404 1789 h.
1438 1745 1526 1789 def.
1585 1745 1851 1788 Privatim
1882 1745 1936 1787 II.
1972 1746 2186 1788 Dialectos
2217 1747 2386 1800 linquae
2420 1745 2610 1788 Graecae
2638 1745 2753 1788 inter

365 1827 413 1854 se
446 1813 727 1869 comparabit
758 1813 799 1857 d.
831 1813 943 1857 Lun.
975 1814 1108 1857 Mart.
1140 1815 1234 1856 Iov.
1262 1813 1373 1857 Ven.
1403 1813 1445 1855 h.
1477 1814 1555 1856 IX.

568 1886 887 1929 ALFREDUS
923 1886 1378 1937 HILLEBRANDT,
1412 1887 1491 1931 Dr.
1522 1888 1571 1931 P.
1602 1887 1650 1932 P.
1685 1886 1738 1930 O.
1798 1887 2032 1929 Publice
2062 1889 2095 1931 Ι.
2157 1887 2399 1943 Scriptores
2431 1889 2603 1931 Indicos
2639 1889 2751 1942 diffi-

364 1955 532 1997 citiores
564 1955 671 1997 lectu
701 1955 1071 2011 interpretabitur
1102 1961 1170 1998 ter
1200 1970 1282 2012 per
1322 1956 1458 2000 hebd.
1496 1956 1541 2000 h.
1579 1956 1667 2000 def.
1728 1956 1992 1999 Privatim
2028 1956 2084 1998 ΙΙ.
2131 1958 2350 1999 Elementa
2380 1957 2551 2011 linquae
2579 1957 2752 1999 Palicae

367 2021 553 2064 docebit
585 2022 626 2065 d.
658 2022 772 2066 Lun.
801 2025 895 2067 Iov.
920 2022 1034 2067 Ven.
1066 2023 1110 2067 h.
1143 2024 1221 2068 VI.

571 2102 899 2146 COLMARUS
934 2103 1384 2154 GRUENHAGEN‚
1425 2104 1501 2149 Dr.
1533 2105 1580 2148 P.
1612 2104 1659 2148 P.
1691 2105 1745 2148 Ε.
1805 2105 2037 2147 Publice
2075 2106 2109 2148 I.
2158 2106 2498 2148 Exercitationes
2530 2105 2750 2147 historico·
2828 2145 2831 2147 t

364 2172 657 2226 diplomaticus
688 2171 875 2214 habebit
907 2172 948 2216 d.
982 2172 1120 2215 Mero.
1153 2173 1196 2216 h.
1226 2173 1269 2215 ΙΙ
1301 2179 1345 2215 et
1373 2174 1450 2216 ΙΙΙ.
1516 2174 1781 2216 Privatim
1811 2174 1867 2216 II.
1898 2174 2136 2215 Historiam
2166 2174 2287 2228 re9ni
2315 2173 2543 2215 Borussici
2571 2174 2670 2215 inde
2700 2172 2751 2214 ab

365 2254 404 2282 a.
437 2240 554 2281 1756
591 2240 791 2282 narrabit
823 2240 864 2284 d.
896 2240 1029 2284 Mart.
1063 2247 1107 2283 et
1132 2241 1247 2284 Ven'.
1279 2241 1324 2284 h.
1353 2242 1431 2285 III.

567 2313 797 2356 VICTOR
826 2314 910 2357 DE
941 2314 1226 2366 RICHTER,
1259 2315 1337 2360 Dr.
1368 2316 1418 2360 P.
1450 2316 1496 2360 P.
1528 2316 1580 2359 E.
1639 2315 1869 2358 Publice
1892 2315 1925 2359 I.
1990 2315 2251 2371 Colloquium
2281 2315 2508 2357 chemicum
2543 2313 2750 2356 instituet

365 2380 502 2421 semel
534 2395 615 2437 per
644 2381 780 2426 hebd.
812 2382 856 2425 h.
890 2382 976 2425 def.
1052 2383 1317 2425 Privatim
1358 2384 1410 2428 II.
1461 2384 1673 2428 Chemiam
1718 2397 1944 2439 corporum
1990 2385 2318 2426 aromaticorum
2362 2381 2512 2424 tradet
2556 2382 2625 2424 bis
2670 2396 2752 2438 per

365 2447 500 2492 hebd.
534 2450 578 2493 h.
611 2449 699 2491 def.

571 2528 745 2571 HUGO
778 2529 1050 2580 WEISKE,
1083 2530 1160 2574 Dr.
1194 2530 1240 2574 P.
1271 2530 1320 2574 P.
1361 2531 1413 2575 E.
1473 2530 1703 2573 Publice
1734 2533 1767 2575 I.
1818 2533 1884 2574 De
1915 2532 2151 2574 actionibus
2181 2532 2377 2574 chemicis
2415 2532 2472 2573 ad
2502 2531 2752 2574 animalium

365 2598 638 2639 nutritionem
667 2599 953 2652 spectantibus
987 2598 1179 2641 disseret
1211 2599 1253 2642 d.
1287 2599 1381 2642 Sat.
1412 2599 1456 2643 h.
1489 2599 1568 2643 XI.
1628 2599 1898 2642 Privatim
1928 2601 1982 2643 Π.
2037 2600 2331 2644 Zoochemiam,
2360 2598 2545 2641 docebit
2580 2598 2622 2640 d.
2653 2599 2749 2642 Iov.

367 2669 410 2705 et
444 2663 555 2707 Ven.
585 2665 628 2708 h.
653 2665 730 2708 XI.
790 2667 867 2711 ΙΙΙ.
900 2668 1239 2710 Exercitationes
1271 2669 1478 2711 chemicas
1511 2669 1568 2710 ad
1597 2668 1902 2722 ayriculturam
1927 2669 2189 2723 pertinentes
2221 2666 2528 2709 moderabitur
2563 2666 2605 2713 d.
2636 2666 2749 2710 Lun.

365 2732 496 2776 Mart.
529 2733 667 2777 Merc.
699 2734 793 2778 Iov.
830 2735 943 2778 Ven.
975 2735 1019 2777 h.
1051 2735 1207 2779 II—V.

570 2812 919 2857 RICHARDUS
950 2814 1301 2865 METZDORF,
1324 2815 1401 2858 Dr.
1423 2814 1473 2858 P.
1494 2814 1542 2858 P.
1563 2814 1617 2858 E.
1648 2814 1880 2857 Publice
1901 2817 1933 2858 I.
1971 2816 2365 2857 Demonstrationes
2386 2815 2443 2856 ad
2463 2815 2634 2857 morbos
2657 2817 2748 2858 ani-

365 2881 538 2923 malium
568 2883 892 2926 domesticorum
919 2886 1178 2939 pertinentes
1206 2884 1412 2926 instituet
1434 2883 1572 2925 semel
1591 2898 1673 2940 per
1695 2883 1830 2927 hebd.
1854 2883 1899 2927 h.
1923 2882 2011 2927 def.
2072 2882 2334 2924 Privatim
2363 2883 2420 2924 Il.
2478 2882 2749 2925 Anatomiam

367 2954 405 2991 et
429 2950 740 3004 physiologiam
779 2952 1026 2994 animalium
1064 2953 1388 2995 domesticorum
1426 2951 1609 2993 docebit
1641 2956 1801 3008 quater
1839 2964 1919 3007 per
1951 2950 2086 2993 hebd.
2118 2950 2163 2994 h.
2199 2949 2288 2993 def.
2356 2949 2432 2993 III.
2493 2951 2560 2992 De
2589 2951 2748 2993 morbis

366 3018 623 3070 contayiosis
663 3019 910 3061 animalium
949 3033 1160 3063 zoonosos
1200 3022 1414 3063 hominum
1451 3021 1686 3075 respiciens
1719 3020 1912 3062 disseret
1944 3019 2012 3061 bis
2044 3033 2124 3075 per
2154 3017 2289 3060 hebd.
2322 3017 2366 3062 h.
2399 3017 2488 3062 def.
2550 3018 2743 3060 Priva-

365 3085 581 3127 tissime
611 3085 690 3128 IV.
740 3087 792 3128 In
823 3087 1079 3130 laboratorio
1110 3090 1293 3131 instituti
1322 3089 1570 3131 veterinarii
1600 3102 1782 3144 operam
1815 3087 1988 3130 daturis
2022 3087 2165 3129 aderit
2194 3086 2266 3128 bis
2298 3100 2378 3142 per
2407 3085 2546 3129 hebd.
2579 3086 2625 3129 h.
2657 3084 2746 3129 def.

572 3176 892 3221 SIGFRIDUS
925 3178 1415 3229 FRIEDLAENDER,
1441 3180 1518 3221 Dr.
1549 3179 1598 3221 P.
1629 3179 1678 3221 P.
1709 3179 1762 3223 E.
1822 3178 2057 3221 Publice
2086 3180 2120 3221 Ι.
2151 3180 2217 3221 De
2236 3178 2363 3220 rebus
2385 3177 2746 3220 combustibilibus

371 3243 562 3286 disseret
593 3244 636 3286 d.
670 3245 763 3287 Sat.
796 3245 840 3290 h.
870 3248 927 3290 X.
987 3247 1252 3289 Privatim
1291 3249 1345 3290 II.
1396 3248 1611 3291 Alcoholis
1656 3253 1696 3290 et
1739 3249 1913 3291 sachari
1944 3247 2276 3300 fabricationem
2323 3245 2506 3287 docebit
2551 3245 2593 3288 d.
2632 3244 2745 3287 Lun.

366 3311 499 3355 Mart.
521 3312 660 3355 Merc.
678 3312 722 3354 h.
740 3313 818 3356 XI.
879 3314 954 3358 III.
986 3317 1038 3358 In
1056 3316 1313 3359 laboratorio
1332 3317 1612 3371 technoloyico
1631 3330 1804 3371 operam
1820 3317 1985 3358 daturis
2003 3314 2148 3357 aderit
2163 3314 2301 3356 ternis
2318 3327 2400 3370 per
2415 3312 2551 3355 hebd.
2571 3312 2746 3356 diebus.
