2878 3580
1249 242 1303 284 53

782 448 1093 506 LECTOR
1136 448 1622 507 LINGUARUM.

80 654 110 697 h
140 653 201 696 bd
248 585 574 696 ᾗΑΞἸΙΞΒΕΑὸ
621 586 849 631 PILLET.
927 587 1115 630 Gratis
1161 588 1500 630 Emer-citationes
1546 557 1893 640 Francoyallicas
1940 584 2249 627 moderabitur
2285 590 2355 627 ter
2386 598 2465 641 per

114 668 136 696 e
206 687 214 698 .
282 687 291 698 .
358 668 379 696 e
403 688 412 697 .

283 790 484 834 IULIUS
518 790 885 841 SCHAEFFER,
917 791 1038 835 Prof.
1072 791 1149 836 Dr.
1212 791 1401 834 Gratis
1431 791 1463 834 1.
1500 790 1726 834 Cantiones
1757 802 1908 833 sacrae
1943 789 2247 842 Gregorianair,
2280 802 2388 844 quae
2420 791 2466 830 in

82 860 257 903 ecclesia
289 860 530 915 evangelica
561 861 658 902 cam·
688 860 891 913 solebant,
932 859 1177 917 explicabit
1213 859 1258 904 d.
1287 859 1419 902 Mart.
1449 858 1493 903 h.
1523 858 1598 901 111.
1659 859 1712 902 II.
1754 858 1899 901 Artem
1926 857 2126 912 pluribus
2162 856 2333 899 vocibus
2369 869 2468 898 con-

82 929 251 970 cinendi
283 927 467 970 docebit
499 927 541 972 d.
575 928 667 971 Sat.
700 927 743 971 h.
777 929 840 971 III
872 934 915 971 et
945 928 1023 972 IV.

282 1007 574 1051 AEMILIUS
607 1007 793 1057 BOHN,
830 1008 904 1053 Dr.
968 1008 1151 1051 Gratis
1184 1008 1215 1052 1.
1275 1009 1396 1051 Artis
1425 1007 1697 1049 harmonicae
1720 1010 1890 1061 partem
1919 1005 2149 1047 secundam
2182 1002 2367 1045 docebit
2398 1002 2467 1043 bis
2513 978 2518 982 ⁷

79 1088 160 1130 per
200 1075 333 1119 hebd.
372 1075 415 1119 h.
457 1076 542 1119 def.
609 1075 662 1118 11.
717 1076 889 1131 Oryano
929 1090 1080 1119 canere
1126 1076 1309 1118 docebit
1354 1076 1423 1117 bis
1464 1090 1544 1131 per
1584 1074 1718 1119 hebd.
1758 1073 1801 1119 h.
1843 1073 1931 1118 def.
1999 1075 2074 1116 III.
2126 1074 2191 1116 De
2230 1073 2469 1127 Wolfya‘nyi

79 1144 261 1186 Amadei
279 1145 625 1197 Mozartfabulis
647 1146 869 1199 scaenicis,
900 1159 1008 1200 quae
1030 1146 1152 1200 vulgo
1174 1147 1395 1201 „operae“
1416 1149 1637 1197 vocantur,
1669 1143 1863 1185 disseret
1892 1142 2030 1184 semel
2050 1156 2131 1197 per
2153 1141 2288 1185 hebd.
2314 1140 2355 1184 h.
2379 1139 2467 1183 def.

15 1401 19 1408 .
286 1355 439 1393 Artem
461 1365 623 1399 rerum,
650 1364 766 1407 quae
789 1351 848 1393 ad
867 1352 1061 1408 physica
1082 1353 1319 1407 pertinent,
1351 1349 1718 1392 delineandarum
1752 1349 1936 1391 docebit
1956 1349 2245 1401 Assmann,
2277 1347 2468 1389 taxider-

16 1441 29 1470 χ
79 1419 209 1460 miam
245 1420 517 1473 Tiemann,
549 1424 689 1460 artem
721 1418 936 1461 batuendi
966 1419 1188 1472 Pseifer.

13 1627 15 1650 ³
285 1590 573 1632 Bibliotheca
629 1589 889 1632 academica
932 1589 1118 1631 lecturis
1163 1590 1338 1646 patebit
1389 1589 1595 1646 quotidie
1641 1589 1685 1631 h.
1723 1588 1932 1637 IX—III‚
1986 1587 2130 1629 libros
2170 1587 2377 1643 petituris
2425 1593 2468 1629 et

26 1653 30 1658 ’
81 1658 327 1702 reddituris
365 1658 408 1700 h.
456 1657 707 1715 XI—Ill2.
782 1657 928 1715 Leges
978 1658 1151 1700 indicat
1204 1658 1376 1700 scheda
1428 1658 1472 1699 in
1528 1657 1735 1699 conclavi
1801 1656 1964 1698 studiis
2017 1655 2168 1697 dicato
2216 1655 2468 1711 proposita.

12 1726 29 1736 ⁸
80 1727 367 1770 Bibliotheca
413 1726 723 1768 studiosorum
769 1726 955 1782 propria
1002 1726 1174 1782 patebit
1220 1726 1425 1783 quotidie
1472 1727 1527 1768 ab
1570 1726 1614 1769 h.
1647 1726 1690 1767 H
1725 1738 1873 1780 usque
1913 1724 1972 1766 ad
2009 1724 2053 1767 h.
2091 1723 2170 1765 IV.
2247 1722 2469 1780 Reliquae

81 1796 218 1838 huius
264 1795 389 1837 urbis
437 1794 761 1843 bibliothecae,
815 1794 1134 1852 Rehdigerana
1180 1810 1279 1837 cum
1326 1795 1554 1852 Burgiana
1599 1794 1883 1842 consociata,
1940 1793 2047 1835 item
2094 1806 2167 1842 ea,
2223 1806 2339 1848 quae
2386 1791 2469 1834 fuit

32 1896 33 1899 ,
84 1865 143 1906 ad
190 1863 346 1906 aedem
388 1862 433 1906 S.
473 1862 759 1911 Bernardini,
809 1863 1005 1920 denique
1050 1864 1204 1917 tertia,
1252 1878 1369 1920 quae
1415 1863 1472 1905 ad
1519 1862 1675 1904 aedem
1722 1862 1767 1905 S.
1807 1862 1978 1903 Mariae
2023 1860 2323 1917 Magdalenae
2368 1860 2466 1910 fuit,

11 1959 26 1987 ,ρ
78 1934 123 1975 in
153 1947 317 1975 novam
351 1931 518 1973 curiam
548 1931 794 1974 translatae
825 1932 1047 1988 patebunt
1078 1931 1282 1988 quotidie
1311 1931 1417 1973 inde
1449 1932 1504 1972 ab
1537 1930 1581 1972 h.
1612 1931 1656 1973 X
1685 1944 1833 1986 usque
1865 1929 1924 1971 ad
1954 1929 1998 1971 h.
2029 1929 2085 1971 II.

12 1989 30 2011 ’
285 2001 495 2042 Museum
537 1999 901 2056 ephemeridibus
941 2006 984 2042 et
1029 2001 1210 2057 scriptis
1256 2000 1501 2056 periodicis
1546 1999 1752 2055 legendis
1792 2013 1819 2040 a
1858 1998 2076 2040 societate
2126 1996 2384 2039 academica
2420 1998 2466 2038 in

31 2091 33 2093 ·
83 2070 377 2113 universitate
420 2069 674 2111 institutum
719 2069 857 2110 sociis
887 2068 1062 2125 patebit
1088 2069 1132 2112 h.
1165 2068 1232 2111 IX
1252 2067 1527 2111 mat.—V111
1557 2081 1705 2124 vesp.,
1749 2067 1911 2108 diebus
1944 2065 2180 2108 dominicis
2211 2065 2255 2109 h.
2286 2065 2467 2109 XI—ll.

20 2125 23 2138 λ
287 2137 594 2180 Collectiones
613 2151 760 2178 rerum
795 2142 840 2179 et
858 2138 1256 2180 instrumentorum
1279 2137 1337 2178 ad
1360 2136 1609 2193 physicam,
1633 2135 1965 2184 astronomiam,
1999 2139 2251 2183 anatomen,
2273 2135 2464 2190 physio·

20 2263 25 2268 ,
82 2207 263 2265 logiam,
281 2205 550 2263 zoologiam‚
569 2206 839 2256 botanicam‚
857 2206 1207 2263 mineralogiam,
1225 2206 1289 2247 rei
1305 2205 1502 2247 rusticae
1520 2204 1769 2246 doctrinam
1791 2204 2122 2260 pertinentium,
2142 2202 2468 2245 laboratorium

41 2283 44 2286 ’
78 2275 342 2324 chemicum‚
373 2288 581 2316 museum
607 2274 1016 2332 archaeologicum,
1052 2274 1263 2316 collectio
1297 2273 1679 2330 chalcographica
1709 2272 1981 2328 inspiciendi
2010 2272 2142 2313 venia
2173 2285 2256 2312 suo
2288 2271 2393 2313 loco
2427 2279 2471 2314 et

82 2351 286 2401 tempore
317 2345 558 2399 impetrata
589 2344 972 2387 monstrabuntur.
1038 2343 1212 2386 Hortus
1257 2342 1499 2384 botanicus
1538 2341 1699 2383 diebus
1739 2341 1947 2383 omnibus
1994 2345 2173 2395 praeter
2218 2339 2468 2382 dominicos

80 2413 275 2470 patebit3
319 2412 385 2454 rei
419 2411 656 2454 herbariae
688 2411 921 2462 studiosis,
969 2412 1047 2468 qui
1089 2426 1171 2468 per
1212 2411 1402 2452 hiemem
1436 2410 1690 2466 plantarum
1726 2408 2021 2451 hibernacula
2054 2408 2100 2449 in
2130 2407 2276 2450 hortis
2317 2409 2467 2464 posita

73 2477 203 2525 'adire
221 2481 487 2538 cupiverint,
520 2481 655 2523 certis
680 2481 806 2522 horis
839 2481 934 2523 eius
955 2482 1020 2523 rei
1052 2481 1107 2523 ab
1139 2480 1375 2522 hortorum
1401 2479 1625 2520 directore
1656 2482 1861 2534 potestas
1891 2476 1981 2520 fiet.
2027 2476 2333 2518 Pinacotheca
2364 2491 2466 2518 aca-

53 2541 55 2543 ’
78 2551 254 2594 demica
276 2565 376 2592 cum
399 2550 700 2606 pinacotheca
722 2550 953 2592 societatis
986 2550 1146 2592 artium
1169 2548 1427 2600 Silesiacae,
1460 2547 1755 2589 collectiones
1790 2550 2178 2587 monumentorum
2214 2545 2260 2586 in
2281 2545 2466 2587 tumulis

2 2630 14 2655 ·
84 2618 560 2675 Slavo-Germanicis
605 2624 888 2674 repertorum
934 2625 978 2660 et
1023 2617 1435 2660 ecclesiasticorum
1483 2623 1527 2658 et
1563 2629 1842 2657 nummorum
1891 2613 2064 2655 mediae
2109 2613 2466 2670 recentiorisque

8 2735 9 2741 ¹
81 2689 242 2730 aetatis
281 2702 379 2729 cum
422 2687 770 2729 collectionibus
809 2687 1039 2729 societatis
1085 2685 1401 2742 antiquitatum
1439 2684 1685 2727 Silesiacae
1728 2684 1996 2726 coniunctae
2037 2687 2155 2734 sunt,
2196 2681 2254 2723 ad
2297 2696 2467 2738 easque

13 2794 16 2813 ‚
78 2756 229 2799 aditus
261 2756 391 2798 statis
423 2756 548 2797 horis
571 2770 623 2797 ac
656 2755 817 2797 diebus
850 2755 990 2811 gratis
1011 2760 1150 2811 patet.

8 2934 15 2950 L
284 2890 469 2932 Ordinis
502 2904 661 2946 evang.
682 2889 823 2933 theol.
847 2889 1227 2931 commilitonibus
1250 2889 1499 2931 secundum
1531 2894 1700 2931 statuta
1732 2887 1947 2944 stipendii
1971 2887 2208 2930 Caussiani
2228 2887 2464 2929 nuntiatur

7 2955 17 2978 ¹¹
77 2962 287 3018 proximo
321 2959 524 3001 semestri
557 2959 745 3000 hiberno
779 2963 971 3000 exeunte
1003 2958 1200 3014 praemia
1231 2973 1287 3000 ex
1317 2958 1406 3000 hoc
1438 2957 1665 3014 stipendio
1698 2956 1937 3012 proposita
1966 2955 2164 3011 legitime
2197 2955 2457 3011 petentibus

1 3041 9 3083 ,ἕ
79 3029 367 3072 distributum
397 3027 464 3070 iri.
527 3026 628 3079 Qua
661 3026 717 3068 de
747 3040 795 3067 re
827 3040 910 3067 suo
942 3031 1145 3082 tempore
1177 3027 1289 3068 ordo
1321 3026 1463 3070 theol.
1496 3040 1653 3082 evang.
1693 3025 1883 3066 maxime
1922 3023 2201 3066 reverendus
2242 3024 2457 3066 certiores

1 3089 9 3122 ³¹
79 3111 157 3141 eos
189 3096 325 3139 faciet
354 3095 516 3138 litteris
549 3095 606 3136 ad
637 3094 794 3136 valvas
825 3094 1034 3150 publicas
1067 3094 1316 3151 affigendis.
