2878 3580
1549 296 1604 338 46

395 435 675 489 Osteoloyiam
712 439 750 476 et
787 434 1165 487 syndesmoloyiam
1203 434 1383 476 hominis
1422 434 1647 489 specialem
1686 433 1897 476 tractabit
1934 439 2093 491 quater
2132 449 2212 492 per
2248 436 2384 479 hebd.
2414 435 2459 480 b.
2492 434 2580 479 def.
2611 449 2759 493 usque

391 504 448 545 ad
480 503 612 545 huius
645 505 746 544 anni
775 501 918 545 finem.
979 501 1054 543 ΙΙΙ.
1093 502 1397 557 Repetitorium
1433 503 1616 556 capitum
1652 503 1899 546 selectorum
1936 506 2179 551 anatomiae
2212 506 2421 548 humanae
2467 504 2652 547 habebit
2691 509 2760 546 ter

391 587 471 628 per
500 571 635 615 hebd.
667 570 710 614 h.
744 569 831 612 def.

596 637 870 682 CAROLUS
906 637 1257 686 WERNICKE‚
1308 638 1384 680 Dr.
1421 638 1468 680 P.
1504 637 1552 681 P.
1588 638 1642 682 E.
1700 638 1930 681 Publice
1966 640 2001 683 Ι.
2048 641 2114 683 De
2148 645 2364 686 structura
2400 647 2439 685 et
2463 641 2760 694 functionibus

391 709 551 751 cerebri
582 707 773 749 disseret
804 708 845 748 d.
880 706 970 749 Sat.
1003 706 1047 750 h.
1078 706 1155 749 XI.
1222 706 1484 747 Privatim
1519 707 1574 749 II.
1619 706 1821 750 Clinicum
1860 708 2101 750 morborum
2133 710 2431 764 psychicorum
2459 716 2498 753 et
2527 711 2761 764 systematis

391 791 617 820 nervorum
660 774 967 817 moderabitur
1007 775 1048 818 d.
1088 775 1226 816 Mero.
1267 774 1310 818 h.
1349 774 1413 816 IV
1447 780 1491 816 et
1522 774 1580 828 V,
1627 774 1669 817 d.
1709 775 1803 819 Sat.
1842 774 1886 819 h.
1923 776 1988 817 III
2026 782 2070 818 et
2108 776 2186 820 IV.
2259 776 2640 820 Privatissime
2685 779 2761 820 III.

389 846 725 887 Emercitationes
749 845 967 898 practicus
998 845 1237 886 anatomiae
1269 848 1306 885 et
1328 843 1600 897 patholoyiae
1629 844 1791 886 cerebri
1819 849 1945 900 reget
1977 843 2020 887 d.
2052 844 2162 886 Lun.
2195 845 2326 889 Mart.
2358 846 2495 890 Mero.
2528 848 2622 889 Iov.
2646 846 2760 889 Ven.

389 913 433 956 h.
455 912 719 955 VIII—XII.

594 979 942 1022 GUILELMUS
983 978 1177 1028 ROUX.
1225 979 1302 1022 Dr.
1340 978 1389 1022 P.
1428 978 1476 1022 P.
1511 979 1564 1021 E.
1629 979 1853 1022 Publice
1892 981 1925 1024 I.
1989 981 2271 1036 Ontoyenesin
2314 984 2538 1038 specialem
2582 984 2763 1025 hominis

388 1049 599 1092 tractabit
629 1048 698 1090 bis
730 1062 811 1104 per
841 1047 976 1090 hebd.
1007 1047 1051 1091 11.
1085 1047 1172 1090 def.
1239 1047 1502 1089 Privatim
1537 1048 1593 1091 II.
1631 1049 1902 1092 Anatomiam
1939 1051 2091 1105 capitis
2129 1052 2310 1094 hominis
2359 1051 2577 1094 studiosis
2615 1051 2761 1093 odon-

389 1118 590 1160 tiatricae
638 1121 835 1173 exponet
879 1116 948 1158 bis
996 1130 1076 1172 per
1120 1116 1256 1159 hebd.
1296 1116 1339 1158 h.
1381 1115 1469 1159 def.
1536 1116 1922 1160 Privatissime
1969 1125 2021 1160 et
2066 1119 2245 1175 gratis
2289 1119 2366 1163 ΙΙΙ.
2425 1122 2763 1163 Emer-citationes

390 1187 715 1240 embryoloyicas
747 1185 1055 1226 moderabitur
1087 1184 1290 1241 quotidie
1321 1183 1364 1227 11.
1398 1184 1485 1228 def.

592 1253 1040 1296 MAXIMILIANUS
1077 1253 1351 1303 WIENER,
1398 1253 1476 1297 Dr.
1509 1253 1556 1297 P.
1588 1253 1635 1297 P.
1668 1254 1720 1298 E.
1779 1254 2015 1298 Publice
2051 1256 2085 1299 I.
2145 1257 2211 1299 De
2241 1257 2474 1300 tumoribus
2505 1271 2764 1313 oryanorum

388 1325 625 1367 sensualium
654 1323 919 1365 muliebrium
951 1322 1143 1364 disseret
1172 1322 1310 1364 semel
1331 1336 1411 1378 per
1431 1322 1567 1365 hebd.
1591 1322 1633 1366 h.
1658 1322 1745 1366 def.
1795 1323 2057 1366 Privatim
2079 1324 2133 1368 ΙΙ.
2165 1326 2311 1368 Artem
2340 1326 2622 1369 obstetricium
2652 1327 2763 1370 theo·
2831 1319 2836 1323 ’

388 1395 562 1435 relicum
594 1391 777 1434 docebit
806 1397 874 1433 ter
904 1405 985 1447 per
1016 1391 1151 1434 hebd.
1183 1391 1226 1434 h.
1260 1390 1347 1434 def.

594 1460 919 1503 ADOLPHUS
951 1460 1197 1510 LESSER,
1236 1460 1314 1503 Dr.
1345 1462 1394 1503 P.
1425 1461 1472 1501 P.
1504 1459 1557 1503 E.
1617 1459 1851 1501 Publice
1875 1460 1909 1504 I.
1966 1463 2307 1505 Excercitationes
2338 1464 2549 1505 cadavera
2578 1463 2766 1517 leyaliter

389 1531 563 1573 secandi
601 1529 908 1571 moderabitur
939 1529 1076 1570 semel
1106 1543 1188 1584 per
1217 1527 1352 1570 hebd.
1385 1527 1427 1569 h.
1462 1526 1549 1570 def.
1608 1529 1871 1571 Privatim
1902 1529 1958 1572 II.
1988 1531 2243 1573 Medicinam
2251 1532 2474 1582 forensem
2507 1530 2691 1574 docebit
2721 1531 2764 1575 ἀ.

388 1599 520 1641 Mart.
554 1603 598 1640 et
630 1597 741 1640 Ven.
773 1597 818 1641 h.
848 1597 949 1640 XII.

593 1665 974 1708 OTTOMARUS
1005 1665 1390 1715 ROSENBACH‚
1423 1665 1501 1708 Dr.
1531 1668 1580 1709 P.
1612 1666 1659 1709 P.
1691 1666 1743 1710 E.
1803 1667 2036 1709 Publice
2066 1669 2100 1711 I.
2144 1670 2209 1711 De
2245 1670 2449 1711 methodis
2489 1670 2765 1724 diaynosticis

392 1735 584 1778 disseret
614 1735 752 1777 semel
782 1749 864 1791 per
893 1734 1029 1777 hebd.
1061 1733 1105 1777 h.
1139 1734 1226 1777 def.
1286 1734 1549 1776 Privatim
1578 1735 1634 1777 II.
1683 1736 2045 1780 Auscultationem
2075 1742 2114 1779 et
2144 1739 2466 1793 percussionem
2502 1740 2764 1782 exercitatio-

388 1805 513 1847 nibus
538 1806 744 1860 practicis
777 1805 988 1846 adiunctis
1022 1803 1232 1845 tractabit
1264 1803 1332 1844 bis
1362 1818 1445 1859 per
1474 1803 1609 1846 hebd.
1642 1804 1686 1847 11.
1719 1804 1808 1847 ἀεί’.

593 1871 791 1915 IULIUS
830 1871 1059 1921 BRUCK,
1097 1871 1176 1913 Dr.
1236 1870 1504 1913 Privatim
1543 1872 1575 1915 I.
1639 1873 1957 1916 Odontiatricen
2001 1873 2150 1916 tradet
2193 1879 2261 1916 ter
2306 1888 2388 1930 per
2426 1874 2562 1918 hebd.
2599 1875 2644 1918 h.
2676 1874 2764 1918 def.

389 1942 444 1985 II.
474 1943 767 1984 Policlinicum
797 1942 1121 1984 odontiatricum
1157 1939 1465 1982 moderabitur
1501 1941 1719 1997 quotidie.
1792 1934 2182 1983 Privatissime
2216 1942 2292 1984 III.
2356 1942 2538 1985 Cursum
2581 1945 2767 1986 dentium

391 2025 520 2054 aureo
552 2011 860 2067 implendorum
889 2010 1093 2052 instituet
1125 2009 1341 2066 quotidie.
1403 2009 1481 2052 IV.
1517 2010 1695 2053 Oursum
1727 2012 1833 2052 artis
1864 2012 2083 2053 dentariae
2111 2011 2316 2053 instituet
2347 2011 2563 2067 quotidie.

590 2078 854 2122 IACOBUS
888 2078 1258 2134 GOTTSTEIN,
1288 2078 1366 2122 Dr.
1416 2078 1605 2121 Gratis
1636 2080 1667 2122 Ι.
1708 2081 2046 2122 Emercitationes
2067 2081 2355 2134 diaynosticas
2385 2085 2426 2122 et
2453 2081 2766 2135 therapeuticas

389 2150 440 2191 de
469 2148 627 2191 morbis
659 2149 812 2203 oryani
842 2149 1012 2190 auditus
1043 2147 1230 2189 habebit
1261 2147 1398 2189 semel
1429 2162 1510 2204 per
1539 2147 1675 2191 hebd.
1706 2147 1751 2191 h.
1776 2147 1863 2191 def.
1922 2147 2309 2190 Privatissime
2342 2148 2396 2191 ΙΙ.
2426 2151 2766 2192 Emer-citationes

389 2218 708 2272 rhinoscopicas
739 2222 778 2258 et
807 2217 1179 2271 larynyoscopicas
1204 2217 1447 2271 policlinico
1478 2217 1720 2295 morborum
1744 2218 1855 2267 nasi,
1883 2217 2132 2272 pharynyis‚
2165 2218 2353 2271 larynyis
2385 2218 2583 2260 adiuncto
2614 2216 2765 2259 mode·

389 2286 562 2328 rabitur
591 2285 661 2327 bis
692 2300 773 2341 per
803 2284 939 2327 hebd.
972 2284 1014 2327 h.
1049 2284 1136 2327 def.

590 2352 914 2396 ERNESTUS
951 2352 1292 2403 FRAENKEL,
1325 2352 1403 2396 Dr.
1466 2353 1660 2396 Gratis
1697 2354 1729 2397 I.
1775 2355 1842 2396 De
1874 2355 2167 2409 physioloyia,
2199 2354 2448 2409 patholoyia
2492 2359 2530 2396 et
2573 2356 2767 2410 therapio

386 2422 608 2479 puerperii
640 2421 831 2464 disseret
862 2421 999 2463 semel
1030 2435 1111 2477 per
1142 2421 1275 2464 hebd.
1306 2421 1349 2464 h.
1384 2421 1471 2464 def.
1531 2422 1792 2464 Privatim
1827 2422 1882 2465 ΙΙ.
1947 2422 2128 2465 Oursum
2154 2423 2476 2478 yynaecoloyiae
2499 2425 2764 2478 propaedeu-

391 2494 516 2535 ticum
548 2506 641 2534 cum
672 2490 1040 2537 exercitationibus
1067 2491 1271 2544 practicis
1302 2489 1488 2531 habebit
1520 2490 1561 2531 (1.
1593 2490 1724 2532 Mart.
1757 2491 1850 2534 Iov,
1874 2489 1988 2534 Ven.
2019 2491 2063 2534 h.
2095 2491 2150 2534 ΙΙ.
2518 2486 2522 2489 ’

592 2558 864 2601 IOANNES
896 2557 1239 2608 KOLACZEK,
1272 2557 1350 2601 Dr.
1413 2558 1600 2600 Gratis
1633 2560 1663 2602 Ι.
1695 2561 2035 2602 Emercitationes
2056 2561 2102 2602 in
2125 2561 2304 2602 vinculis
2328 2560 2577 2602 adhibendis
2607 2559 2762 2602 mode-

390 2628 562 2670 rabitur
592 2627 730 2669 semel
761 2641 842 2683 per
870 2626 1005 2670 hebd.
1038 2626 1080 2667 h.
1113 2626 1199 2670 def.
1260 2625 1522 2669 Privatim
1553 2628 1606 2670 II.
1664 2629 1727 2670 De
1746 2630 1962 2681 fracturis
1994 2630 2155 2670 ossium
2185 2633 2224 2670 et
2253 2628 2540 2671 luaeationibus
2573 2627 2765 2670 disseret

391 2703 459 2739 ter
488 2711 570 2753 per
598 2696 734 2738 hebd.
767 2696 810 2739 h.
844 2695 930 2738 def.
1003 2707 1005 2710 ’

595 2764 913 2807 ALFREDUS
958 2763 1324 2814 BUCHWALD‚
1372 2763 1450 2808 Dr.
1514 2765 1699 2807 Gratis
1744 2766 1778 2809 I.
1837 2766 1904 2809 De
1950 2766 2108 2809 morbis
2157 2780 2307 2808 renum
2350 2771 2391 2808 et
2438 2767 2489 2808 de
2537 2767 2766 2821 uroscopia

394 2834 583 2875 disseret
616 2833 753 2875 semel
783 2847 865 2889 per
894 2832 1030 2875 hebd.
1062 2832 1106 2874 11.
1134 2831 1220 2875 def.
1280 2832 1543 2875 Privatim
1572 2834 1628 2876 II.
1662 2835 1899 2890 Therapiae
1929 2840 1967 2877 et
1995 2837 2198 2910 materiae
2227 2836 2413 2878 medicae
2442 2836 2583 2890 capita
2613 2835 2766 2877 selecta

392 2901 540 2944 tradet
570 2902 639 2944 bis
671 2916 751 2958 per
781 2901 917 2944 hebd.
948 2901 991 2943 h.
1025 2900 1112 2943 def.

596 2969 897 3013 IOSEPHUS
929 2968 1147 3018 IACOBI,
1180 2970 1256 3012 Dr.
1311 2969 1498 3012 Gratis
1528 2970 1561 3013 Ι.
1593 2973 1804 3027 Hyyienes
1827 2972 2025 3027 publicae
2055 2974 2198 3027 capita
2227 2972 2379 3014 selecta
2410 2970 2595 3023 docebit
2625 2970 2763 3012 semel

393 3053 474 3095 per
504 3038 639 3082 hebd.
669 3039 713 3080 11.
747 3038 834 3102 def.
894 3038 1157 3080 Privatim
1187 3039 1241 3079 II.
1282 3039 1347 3080 De
1376 3039 1587 3081 medicina
1605 3041 1780 3092 forensi
1810 3040 2004 3082 disseret
2034 3039 2172 3082 semel
2201 3054 2283 3095 per
2312 3039 2447 3082 hebd.
2479 3038 2524 3081 11.
2556 3038 2644 3082 ἀεί’.

597 3105 1047 3148 MAXIMILIANUS
1087 3105 1360 3158 FREUND,
1405 3106 1484 3149 Dr.
1554 3106 1741 3150 Gratis
1787 3109 1818 3152 Ι.
1877 3109 2169 3163 Patholoyiam
2207 3109 2513 3150 vaccinationis
2554 3107 2766 3150 tractabit

396 3174 438 3217 d.
471 3174 563 3217 Sat.
596 3175 639 3216 h.
662 3174 716 3218 V.
778 3174 1042 3216 Privatim
1081 3173 1136 3216 ΙΙ.
1182 3176 1246 3216 De
1281 3175 1529 3228 patholoyia
1575 3183 1612 3217 et
1657 3178 1850 3231 therapio
1891 3177 2132 3220 morborum
2169 3181 2447 3218 neonatorum
2492 3176 2682 3217 disseret
2720 3176 2763 3217 d.

396 3243 488 3285 Sat.
524 3243 563 3284 h.
594 3243 672 3285 IV.
