2898 3516
1466 206 1523 247 20

566 317 660 359 folii
692 317 772 358 30v
803 316 1011 359 columna
1040 317 1072 358 1.

140 407 204 437 743
224 398 332 451 [καὶ]
364 394 475 438 τοῦτ’
511 391 737 438 ἀθανάτων
769 394 938 451 βασιλεῦ
968 394 1062 437 πῶσ
1093 395 1177 437 ἐστι
1207 395 1367 438 δίκαιον

140 475 203 505 745
222 463 280 520 μη
311 463 386 506 τιν’
419 459 673 520 ὑπερβασίην
703 462 895 518 κατέχων
927 461 1033 518 μηθ’
1068 460 1192 518 ὅρκον
1222 461 1398 518 ἀλιτρὸν,

140 543 203 572 747
221 531 285 573 τίσ
315 531 367 586 δὴ
399 532 473 573 καὶ
505 530 656 588 βροτόσ
685 530 819 572 ἄλλοσ
848 526 955 585 ὁρῶν
985 529 1094 586 πρὸσ
1122 530 1266 574 τοῦτον
1296 532 1450 585 ἔπειτα,

140 610 204 640 749
221 594 407 654 ό(ππ)ότ’
431 599 536 655 ἀνὴρ
568 599 717 641 ἄδικοσ
746 600 819 640 καὶ
847 597 1098 641 ἀτάσθαλοσ
1128 598 1222 641 οὔτε
1251 613 1322 641 τευ
1353 594 1500 655 ἀνδρον

139 678 201 707 751
221 662 374 724 ὑβρίζει
403 666 569 710 πλούτω
599 666 908 723 κεκορημένοσ.
940 667 979 709 οἱ
1008 668 1056 709 δὲ
1085 667 1237 710 δίκαιοι

139 746 203 775 753
219 734 349 777 ταῦτα
381 736 530 792 μαθών
560 733 645 791 φίλ’
680 735 816 790 ἑταῖρε
847 734 1024 777 δικαίωσ
1051 734 1253 792 χρήματα
1283 735 1402 778 ποιοῦ

139 814 203 843 755
222 803 339 858 α(ἰ)εὶ
367 802 488 845 τῶνδ’
521 802 653 845 ἐπέων
683 802 964 859 μεμνημένοσ.
997 803 1060 845 εἰσ
1090 804 1137 845 δὲ
1166 802 1374 859 τελευτὴν,

139 893 203 922 757
221 874 321 933 ζεῖσ
350 883 422 938 μὲν
451 882 579 937 τῆσδε
609 870 775 938 πόλῆοσ
804 877 1013 938 ὖπειρέχει
1044 882 1182 938 αἰθέρι
1210 882 1312 925 νέων

139 961 204 991 759
223 950 341 992 ἄλλοι
371 946 410 991 τ’
444 949 649 993 ἀθάνατοι
680 949 873 1007 μάκαρεσ
903 951 998 993 θεοὶ
1029 949 1159 1006 αὐτὰρ
1192 950 1398 1006 ἀπόλλων,

140 1028 200 1058 761
221 1017 416 1074 φόρμιγγ’
451 1017 504 1059 αὖ
535 1014 766 1074 φθέγγοιθ’
802 1017 909 1074 ἱερὸν
940 1018 1070 1075 μελοσ
1099 1018 1178 1074 ἠδὲ
1207 1021 1281 1061 καὶ
1311 1017 1428 1061 αὐλῶ

140 1097 203 1127 763
220 1086 399 1142 πίνωμεν
428 1086 628 1143 χαρίεντα
661 1086 750 1143 μετ’
784 1085 1001 1143 ἀλλήλοισι
1031 1087 1228 1143 λέγοντεσ

140 1165 203 1195 765
222 1153 295 1196 ὧδ’
329 1155 450 1198 εἶναι.
481 1157 556 1197 καὶ
587 1154 783 1212 ἀμείνονα
814 1155 995 1211 εὔφρονα
1026 1155 1162 1212 θυμὸν
1194 1157 1386 1212 ἐχοντασ,

140 1234 204 1264 767
222 1223 522 1280 τερπομένουσ.
554 1223 684 1280 τηλοῦ
715 1225 762 1265 δὲ
790 1223 936 1266 κακὰσ
967 1223 1048 1266 ἀπὸ
1081 1223 1223 1279 κῆρασ
1253 1220 1403 1281 ἀμῦναι

140 1302 204 1332 769
220 1291 306 1347 χρὴ
339 1291 503 1348 μουσῶν
534 1290 775 1348 θεράποντα
805 1294 878 1334 καὶ
908 1292 1089 1348 ἄγγελον
1121 1294 1160 1334 εἴ
1185 1307 1222 1334 τι
1251 1294 1445 1349 περισσὸν

141 1371 202 1401 771
224 1359 332 1401 ἀλλὰ
361 1359 413 1402 τὰ
444 1362 517 1417 μέν
549 1361 717 1417 μῶσθαι
746 1359 798 1402 τὰ
829 1361 874 1403 δὲ’
906 1359 1123 1404 δεικνύειν.
1157 1361 1266 1403 ἄλλα
1297 1363 1343 1404 δὲ
1373 1369 1501 1406 ποιεῖν

141 1439 204 1469 773
223 1420 342 1485 φὀῖ-βε
374 1428 476 1480 ἄναξ
507 1427 637 1470 αὐτὸσ
667 1430 739 1485 μὲν
772 1427 1023 1485 ἐπύργωσασ
1052 1428 1171 1472 πόλιν
1202 1429 1352 1486 ἄκρην,

141 1507 204 1536 775
224 1493 354 1537 αὐτὸσ
384 1497 430 1537 δὲ
461 1496 635 1551 στρατὸν
666 1491 861 1553 ὑβριστὴν
894 1495 1037 1553 μήδων
1069 1494 1254 1552 ἀπέρυκε

141 1576 205 1605 777
223 1563 331 1620 ἣροσ
362 1564 658 1621 ἐπερχομένου,
690 1563 863 1606 κλειτὰσ
892 1560 1088 1621 πέμπωσ’
1122 1564 1368 1622 ἐκατόμβασ

142 1643 207 1673 779
223 1631 408 1676 παιάνων
439 1634 484 1675 τὲ
514 1639 663 1689 χοροῖσ
694 1632 855 1688 ἰαχαῖσί
885 1647 930 1675 τε
959 1633 1028 1677 τὸν
1059 1635 1153 1689 περὶ
1185 1633 1323 1691 βωμὸν

142 1711 204 1742 781
226 1702 299 1743 καὶ
330 1699 472 1744 στάσιν
503 1699 687 1757 ἐλληνων
717 1700 995 1756 λαοφθόρων.
1029 1697 1139 1743 ἀλλὰ
1169 1701 1218 1743 σύ
1249 1703 1371 1760 φοῖβε

143 1803 207 1833 783
224 1791 361 1848 ἦλθον
394 1793 466 1849 μὲν
496 1791 577 1849 γὰρ
609 1793 744 1849 ἔγωγε
763 1761 838 1835 κεοίἔς
869 1792 1045 1858 σικελην,
1071 1808 1172 1884 ποτε
1201 1800 1325 1850 γαῖαν
1389 1812 1396 1820 ·

1026 1862 1048 1884 α
1099 1862 1162 1884 αΟν

144 1906 207 1936 785
226 1895 412 1952 σπάρτην
443 1891 482 1937 δ’
515 1893 676 1950 εὐρῶτα
707 1895 1016 1952 δονακοτρόφον
1048 1862 1155 1952 ἔερὸν
1187 1897 1288 1939 ἄστυ

144 1974 208 2004 787
227 1963 321 2006 ἀλλ’
357 1963 470 2006 οὔτισ
500 1980 568 2022 μοι
596 1965 741 2020 τέρψισ
772 1965 838 2006 ἐπὶ
868 1964 1027 2020 φρένασ
1056 1965 1191 2020 ’ἦλθεν
1224 1965 1392 2010 ἐκείνων
1443 2021 1445 2024 v

144 2043 208 2073 789
227 2031 284 2088 μή
316 2033 418 2074 ποτέ
449 2048 517 2089 μοι
548 2033 765 2090 μελέδημα
797 2033 900 2075 ἄλλο
932 2033 1082 2089 φανείη

145 2111 207 2141 791
226 2101 452 2157 τερποίμην
482 2101 677 2158 φόρμιγγι
707 2104 780 2143 καὶ
811 2101 1021 2158 ὀρχθημῶ
1051 2103 1125 2144 καὶ
1155 2101 1291 2158 ἀοιδῆ.

145 2180 209 2209 793
228 2168 334 2225 μήτέ
363 2184 452 2213 τινα
483 2170 611 2222 ξεῖνον
643 2169 908 2226 δειλεύμενοσ
939 2171 1113 2227 ἐ’ργμασι
1143 2171 1326 2227 λυγροῖσ,

146 2247 210 2277 795
228 2236 302 2292 την
334 2238 488 2280 σαυτοῦ
519 2238 649 2294 φρένα
679 2238 824 2294 τέρπε.
856 2239 1120 2294 δυσηλεγέων
1150 2240 1195 2280 τὲ
1224 2239 1414 2294 πολιτῶν,

147 2315 210 2346 797
228 2303 328 2346 τοῦσ
359 2304 566 2362 ἀγαθουσ,
599 2306 731 2348 ἄλλοσ
762 2305 876 2363 μάλα
908 2306 1111 2363 μέμφεται
1141 2307 1274 2349 ἄλλοσ
1304 2308 1465 2351 ἐπαινεῖ

148 2383 212 2414 799
231 2372 465 2428 ἀνθρώπων
496 2369 535 2416 δ’
570 2373 758 2429 ἄψεκτοσ
789 2375 855 2416 ἐπὶ
884 2375 1025 2431 χθονὶ,
1055 2375 1210 2431 γίνεται
1241 2375 1381 2418 οὖδεὶσ

149 2452 210 2481 801
232 2441 370 2483 οὐδεὶσ
402 2440 636 2498 ἀνθρώπων
668 2442 906 2485 οὕτέσσετοιι
936 2442 1034 2485 οὐδὲ
1063 2443 1261 2499 πέφυκεν,

149 2520 213 2549 803
232 2508 328 2551 οὐδε
358 2510 439 2566 γὰρ
470 2509 522 2552 ὃσ
551 2511 740 2566 θνητοῖσι
770 2513 844 2553 καὶ
875 2511 1142 2556 ἀθανάτοισιν
1174 2511 1357 2567 ἀνάσσει,

150 2588 214 2618 805
232 2576 378 2633 τόρνου
409 2580 483 2620 καὶ
513 2578 715 2636 στάθμησ
743 2581 817 2621 καὶ
846 2579 1064 2636 γνώμονοσ
1094 2580 1225 2636 ἀνδρα
1256 2580 1429 2636 θεωρῶν

152 2657 216 2686 807
236 2645 269 2688 ‹I›
299 2661 372 2690 τινι
402 2662 474 2690 κεν
504 2647 654 2691 πιθῶνι
684 2647 792 2690 θεὸσ
820 2647 993 2704 χρησασ
1024 2649 1163 2704 ἱερεῖα,

151 2725 215 2754 809
235 2714 329 2756 οὔτέ
358 2729 394 2756 τι
422 2714 504 2770 γὰρ
534 2716 741 2771 προσθεὶσ
771 2715 890 2759 οὐδὲν
920 2716 1008 2758 κέτι
1039 2715 1260 2773 φάρμακον
1292 2715 1431 2772 εὕροισ

153 2793 216 2823 811
235 2779 370 2839 xpfip?
404 2784 565 2827 ἔπαθον
596 2783 784 2828 θανάτου
817 2786 889 2841 μὲν
921 2784 1091 2827 ἀεικέοσ
1120 2785 1206 2827 οὔτι
1236 2785 1384 2829 κάκιον

154 2862 219 2891 813
238 2852 281 2892 οῖ’
306 2866 357 2907 με
388 2851 498 2907 φίλοι
527 2852 775 2908 προῦδωκαν
807 2852 890 2908 ἐγώ
922 2851 961 2895 δ’
997 2854 1188 2909 ἐχθροῖσι
1217 2854 1453 2896 πελασθεὶσ

153 2930 217 2960 815
239 2919 341 2975 βοῦσ
372 2934 439 2976 μοι
470 2920 536 2962 ἐπὶ
565 2920 765 2976 γλῶσσησ
794 2921 986 2976 κρατερῶ
1016 2923 1113 2964 ποδὶ
1141 2921 1219 2973 λὰξ
1250 2923 1481 2979 ἐπιβαίνων,

1918 321 2013 364 folii
2043 321 2125 363 30v
2155 322 2364 364 columna
2394 322 2442 364 ΙΙ.
2505 342 2510 346 ·

1559 407 1624 436 744
1641 397 1772 453 ἔργων
1801 396 1917 440 ὅστισ
1947 397 2053 455 ἀνὴρ
2084 399 2211 447 &mbo
2241 398 2319 443 ἐών
2349 398 2518 454 ἀδίκων,

1558 474 1623 504 746
1640 462 1751 506 ἀλλὰ
1780 465 1946 508 δίκαιοσ
1975 466 2065 517 ἐών,
2098 466 2156 523 μὴ
2186 466 2240 510 τὰ
2268 467 2411 510 δίκαια
2440 467 2564 524 πάθη

1555 542 1621 572 748
1638 530 1768 583 ἅζοιτ’
1802 531 2049 577 ἀθανάτουσ
2076 537 2151 578 καὶ
2179 535 2269 579 τίνα
2299 535 2435 592 θυμὸν
2466 537 2590 592 ἔχων,

1560 611 1625 640 750
1643 600 1738 643 οὔτε
1767 615 1804 643 τι
1834 600 2059 646 ἀθανάτων
2090 602 2209 659 μῆνιν
2239 602 2497 660 ἀλευόμενοσ

1558 678 1623 708 752
1639 667 1860 724 τρύχονται
1887 669 2060 726 χαλεπῆ
2089 669 2317 727 τειρόμενοι
2345 671 2465 727 πενίη

1557 747 1623 777 754
1639 735 1835 793 σώφρονα
1866 737 2002 794 θυμὸν
2034 739 2143 794 ἔχων
2174 738 2300 781 ἐκτὸσ
2329 737 2601 795 ἀτασθαλίησ

1557 815 1622 846 756
1640 804 1827 861 αἰνησεισ
1858 805 1981 862 μύθω
2012 805 2193 862 σώφρονι
2221 806 2477 864 πειθόμενοσ

1557 894 1622 925 758
1640 885 1721 927 αἰεὶ
1751 884 1959 941 δεξιτερήν
1989 881 2101 942 χεῖρ’
2134 886 2438 942 ἐπαπημοσύνη

1560 962 1625 993 760
1643 951 1863 1008 ἀρθρῶσαι
1892 953 2087 1009 γλῶσσαν
2118 956 2192 996 καὶ
2221 953 2316 998 νόον
2345 950 2548 1011 ἡμέτερον

1559 1031 1624 1061 762
1640 1016 1768 1078 ἢμεῖσ
1797 1023 1844 1064 δε
1875 1021 2063 1066 σπονδάσ
2090 1023 2248 1066 θεοῖσιν
2279 1022 2563 1080 ἀρεσσάμενοι,

1559 1099 1626 1129 764
1643 1090 1773 1145 μηδὲν
1803 1104 1886 1145 τον,
1920 1090 2063 1147 μήδων
2095 1090 2296 1134 δειδιότεσ
2324 1091 2507 1148 πόλεμον

1562 1167 1627 1197 766
1643 1156 1763 1213 νόσφι
1794 1158 2029 1215 μεριμνάων
2060 1155 2330 1215 εὖφροσύνωσ
2358 1158 2526 1216 διάγειν,

1560 1236 1625 1266 768
1641 1226 1783 1282 γῆρασ
1811 1224 1851 1269 τ’
1884 1227 2110 1284 οὐλόμενον
2139 1230 2213 1270 καὶ
2243 1227 2444 1272 θανάτοιο
2474 1228 2599 1271 τέλοσ

1563 1305 1628 1334 770
1646 1295 1774 1351 εἰδείη
1806 1295 1974 1352 σοφίησ,
2006 1295 2064 1352 μὴ
2095 1296 2302 1352 φθονερὸν
2333 1296 2519 1340 τελέθειν

1562 1371 1628 1402 772
1644 1362 1682 1404 τί
1712 1377 1804 1418 σφιν
1834 1363 2040 1420 χρήσεται
2071 1364 2227 1421 μοῦνοσ
2257 1364 2532 1421 έπιστάμενοσ

1563 1441 1629 1470 774
1647 1422 1850 1474 ἀλῖι-ο-θοῶ
1880 1432 2070 1475 πέλοῆσ
2098 1433 2215 1475 παιδὶ
2241 1432 2523 1490 χαριζόμενοσ

1561 1509 1627 1539 776
1643 1499 1772 1555 τῆσδε
1802 1498 1979 1542 πόλευσ.
2011 1501 2078 1543 ἵνα
2109 1515 2174 1543 σοι
2202 1500 2298 1542 λαοὶ
2330 1501 2372 1544 ἐν
2403 1500 2636 1557 εὐφροσύνη

1566 1578 1631 1608 778
1648 1567 1892 1625 τερπόμενοι
1921 1567 2082 1625 κιθάρη
2113 1571 2188 1611 καὶ
2218 1569 2347 1625 ἐρατῆ
2377 1570 2509 1625 θαλίη

1563 1635 1674 1692 78οἧ
1704 1651 1786 1692 γαρ
1818 1638 1954 1693 ἔγωγε
1986 1636 2140 1680 δέδοικ’
2177 1636 2386 1693 ἀφραδίην
2416 1638 2572 1693 ἐσορῶν

1565 1715 1630 1745 782
1647 1705 1775 1747 ἴλαοσ
1803 1701 2012 1762 ἡμετέρην
2041 1705 2167 1762 τήνδε
2196 1705 2386 1762 φύλασσε
2415 1706 2534 1750 πόλιν

1567 1806 1633 1836 784
1649 1795 1786 1852 ’ἦλθον
1818 1795 1860 1838 δ’
1893 1795 2067 1854 εὖβοίησ
2098 1796 2306 1853 ἀμπελόεν
2336 1797 2477 1840 πεδίον

1567 1908 1631 1938 786
1648 1898 1723 1940 καί
1753 1898 1798 1955 μ’
1832 1899 1996 1955 ἐφίλευν
2026 1899 2277 1955 προφρόνωσ
2305 1899 2463 1944 πάντεσ
2492 1901 2774 1958 ἐπερχόμενον

1568 1977 1633 2006 788
1651 1965 1786 2008 οὕτωσ
1816 1964 1935 2010 οὐδὲν
1968 1965 2037 2022 ἄρ’
2069 1967 2120 2023 ’ἦν
2151 1968 2341 2023 φίλτερον
2372 1968 2477 2010 ἄλλο
2506 1967 2675 2026 πάτρησ

1564 2045 1629 2075 790
1648 2033 1735 2078 ἀντ’
1770 2034 1928 2091 ἀρετῆσ
1957 2036 2131 2092 σοφίησ.
2164 2035 2275 2078 ἀλλὰ
2303 2032 2394 2078 τόδ’
2426 2037 2513 2080 αἰὲν
2545 2038 2670 2093 ἔχων,

1565 2113 1630 2143 792
1646 2104 1720 2144 καὶ
1751 2104 1856 2159 μετὰ
1886 2104 1965 2147 τῶν
1997 2103 2175 2160 ἀγαθῶν
2207 2104 2361 2148 ἐσθλὸν
2391 2106 2530 2162 ἔχοιμι
2557 2105 2652 2150 νόον

1569 2181 1635 2211 794
1654 2170 1760 2228 μήτέ
1789 2171 1865 2215 τιν’
1900 2171 2108 2229 ἐνδήμων·
2140 2172 2252 2214 ἀλλὰ
2282 2173 2448 2215 δίκαιοσ
2477 2174 2569 2228 ἐών,

1569 2249 1634 2280 796
1651 2239 1784 2282 ἄλλοσ
1813 2241 1952 2283 τοῖσδε
1981 2241 2151 2283 κακῶσ.
2185 2241 2317 2283 ἄλλοσ
2346 2240 2511 2298 ἀμεῖνον
2542 2243 2629 2297 ἐρεῖ

1567 2318 1632 2348 798
1649 2307 1728 2351 τῶν
1760 2309 1807 2350 δε
1837 2309 1982 2352 κακῶν
2013 2307 2156 2365 μνήμη
2186 2309 2342 2365 γίνεται
2371 2309 2544 2366 οὐδεμία

1569 2386 1634 2416 800
1652 2374 1743 2417 ἀλλ’
1782 2371 1844 2419 ὥσ
1872 2376 1996 2420 λώϊον
2027 2376 2051 2419 ὃ
2082 2377 2139 2434 μὴ
2170 2377 2388 2421 πλεόνεσσι
2418 2378 2535 2434 μέλοι

1571 2454 1636 2484 802
1654 2443 1769 2487 ὅστισ
1797 2445 1937 2489 πᾶσαν
1969 2443 2093 2499 ἀδῶν,
2125 2445 2292 2488 δόσεται
2323 2447 2386 2488 εἰσ
2416 2442 2535 2489 ἀϊδου

1570 2522 1636 2552 804
1653 2513 1753 2564 ζεύσ
1781 2514 1983 2570 κρονίδησ
2012 2514 2188 2570 θνητοῖσ
2216 2515 2340 2558 πᾶσιν
2371 2510 2484 2558 ἀδεῖν
2513 2514 2684 2559 δύναται

1569 2591 1635 2621 806
1653 2580 1878 2638 εὐθύτερον
1908 2582 1994 2638 χρὴ
2027 2584 2100 2639 μὲν
2129 2581 2255 2638 κύρνε
2285 2582 2612 2640 φυλασσόμενον,

1571 2659 1637 2689 808
1654 2648 1793 2705 ὀμφην
1825 2649 1994 2706 σημήνη
2026 2650 2172 2694 πίονοσ
2202 2651 2245 2702 ἐξ
2275 2650 2428 2693 αδύτου

1573 2728 1639 2757 810
1657 2713 1747 2759 οὐδ’
1781 2713 1947 2773 ἀφελών
1977 2717 2086 2774 προσ
2115 2719 2227 2762 θεῶν
2258 2719 2501 2776 ἀμπλακίην
2530 2718 2753 2776 προφύγησ

1574 2796 1640 2826 812
1656 2785 1736 2829 τῶν
1767 2785 1807 2827 δ’
1840 2786 1978 2830 ἄλλων
2009 2785 2172 2830 πάντων
2203 2786 2319 2843 κύρν’
2353 2783 2621 2843 ἀνιηρότατον

1574 2864 1641 2894 814
1658 2853 1811 2909 εἰδησω
1841 2857 1916 2896 καὶ
1944 2853 2027 2908 τὸν,
2057 2854 2180 2899 ὅντιν’
2214 2857 2358 2912 ἔχουσι
2386 2854 2480 2899 νόον

1571 2932 1637 2962 816
1653 2923 1763 2978 ἴσχει
1792 2922 2005 2966 κωτίλλειν
2035 2923 2187 2979 καίπερ
2219 2922 2487 2980 ἐπιστάμενον

357 3045 424 3079 749
450 3044 532 3079 οὔτε
556 3046 735 3090 scriptum
760 3049 826 3088 est,
852 3056 928 3080 non
954 3045 1035 3080 οὔτέ
1074 3046 1078 3092 Ι
1120 3046 1186 3081 749
1211 3046 1248 3080 111
1273 3047 1347 3081 fine
1373 3044 1500 3090 ἀνδρον
1526 3057 1637 3090 quam
1661 3043 1801 3090 ἀνδρωσ
1826 3047 2028 3092 scripturae
2053 3048 2272 3093 compendio
2298 3048 2496 3092 significari
2522 3048 2714 3092 aliquanto
2739 3049 2874 3093 proba·

152 3102 263 3137 bilius
292 3105 349 3137 est
377 3102 381 3148 Ι
410 3104 475 3138 757
501 3103 627 3138 πόλιοσ
644 3115 688 3138 ex
712 3103 851 3148 πόληοσ
876 3107 1079 3138 correctum
1109 3103 1113 3149 Ι
1143 3105 1208 3138 761
1237 3106 1346 3148 μελοσ
1369 3105 1449 3139 51118
1474 3107 1629 3139 accentu
1656 3103 1660 3150 Ι
1690 3105 1758 3139 764
1780 3116 1841 3139 τον
1865 3105 1945 3140 51118
1971 3109 2127 3141 accentu
2154 3105 2158 3151 Ι
2186 3106 2253 3140 767
2270 3106 2443 3140 vocabuli
2467 3102 2596 3148 ἀμῦναι
2618 3106 2742 3140 littera
2763 3106 2875 3142 tertia

154 3160 250 3194 inter
274 3160 508 3196 scribendum
545 3162 770 3196 correctione
803 3161 935 3196 effecta
972 3165 1028 3196 est
1071 3161 1074 3207 Ι
1119 3161 1188 3196 774
1223 3154 1395 3196 &affin—9055
1431 3161 1607 3206 scriptum
1632 3162 1782 3206 quidem
1814 3165 1881 3204 est,
1919 3164 2020 3207 quod
2051 3166 2175 3197 tamen
2206 3165 2398 3207 tamquam
2433 3154 2606 3197 ‹2sz
2642 3163 2882 3212 intellexisse·

154 3217 343 3252 librarium
367 3218 444 3252 veri
468 3228 543 3252 non
569 3220 625 3252 est
649 3218 828 3252 dissimile
868 3218 871 3264 Ι
912 3219 980 3253 780
1003 3229 1072 3262 γαρ
1099 3218 1178 3253 51118
1203 3222 1356 3253 accentu
1395 3219 1398 3265 Ι
1439 3219 1503 3254 791
1529 3215 1706 3263 ὀρχθημῶ
1731 3219 1812 3265 (518)
1837 3219 1848 3266 ΙΙ
1872 3220 1911 3254 111
1934 3220 2100 3264 margine
2126 3220 2306 3255 exteriore
2331 3223 2418 3255 ante
2442 3231 2571 3255 versus
2597 3221 2675 3255 797.
2701 3221 2778 3255 799.
2803 3221 2882 3255 801·

149 3271 332 3319 ‘scriptum
359 3278 431 3309 est:
458 3273 585 3318 ὡραῖον
611 3276 690 3320 (per
715 3275 986 3320 compendium)
1014 3275 1018 3321 Ι
1047 3277 1152 3310 τοῦτο
1180 3275 1184 3321 Ι
1212 3275 1298 3310 ὅλου
1324 3276 1401 3321 (518,
1427 3288 1503 3312 11011
1527 3276 1625 3321 ὅλον)
1666 3276 1677 3322 ΙΙ
1716 3277 1785 3311 800
1816 3277 1921 3311 λώϊον
1945 3277 2077 3312 litteris
2102 3277 2146 3311 ώϊ
2176 3288 2219 3312 ex
2243 3278 2383 3312 incerta
2407 3277 2530 3312 littera
2555 3280 2592 3312 et
2615 3289 2638 3322 η
2665 3278 2837 3313 correctis
2856 3277 2871 3324 Ἰ

157 3331 225 3366 803
252 3328 335 3365 οὔδε
361 3331 440 3366 51118
465 3335 619 3366 accentu
647 3331 651 3378 Ι
678 3333 746 3367 803
773 3333 999 3367 αθανάτοισιν
1024 3332 1103 3368 51118
1128 3333 1257 3377 spiritu
1286 3333 1289 3378 Ι
1317 3335 1387 3369 808
1411 3334 1542 3369 αδύτου
1568 3334 1647 3369 51118
1672 3334 1801 3379 spiritu
1829 3335 1832 3380 Ι
1860 3335 1930 3370 814
1952 3332 2054 3368 ὅντιν’
2085 3335 2178 3380 (sic).
