<?xml version="1.0" encoding="UTF-8"?>
<!DOCTYPE html PUBLIC "-//W3C//DTD XHTML 1.0 Transitional//EN"
    "http://www.w3.org/TR/xhtml1/DTD/xhtml1-transitional.dtd">
<html xmlns="http://www.w3.org/1999/xhtml" xml:lang="en" lang="en">
 <head>
  <title>
</title>
<meta http-equiv="Content-Type" content="text/html;charset=utf-8" />
  <meta name='ocr-system' content='tesseract 3.04.00' />
  <meta name='ocr-capabilities' content='ocr_page ocr_carea ocr_par ocr_line ocrx_word'/>
</head>
<body>
  <div class='ocr_page' id='page_1' title='image "./detheognideorumm00studuoft_0043.png"; bbox 0 0 2878 3580; ppageno 0'>
   <div class='ocr_carea' id='block_1_1' title="bbox 0 0 43 3196">
    <p class='ocr_par' dir='ltr' id='par_1_1' title="bbox 0 0 43 3196">
     <span class='ocr_line' id='line_1_1' title="bbox 0 0 43 3196; baseline 0 0"><span class='ocrx_word' id='word_1_1' title='bbox 0 0 43 3196; x_wconf 95' lang='lat' dir='ltr'><strong><em> </em></strong></span> 
     </span>
    </p>
   </div>
   <div class='ocr_carea' id='block_1_2' title="bbox 522 932 2120 991">
    <p class='ocr_par' dir='ltr' id='par_1_2' title="bbox 522 932 2120 991">
     <span class='ocr_line' id='line_1_2' title="bbox 522 932 2120 991; baseline 0.001 -2"><span class='ocrx_word' id='word_1_2' title='bbox 522 932 738 990; x_wconf 85' lang='lat' dir='ltr'><strong>ORDO</strong></span> <span class='ocrx_word' id='word_1_3' title='bbox 784 932 1382 991; x_wconf 82' lang='lat' dir='ltr'><strong>THEOLOGORUM</strong></span> <span class='ocrx_word' id='word_1_4' title='bbox 1424 933 2120 991; x_wconf 83' lang='lat' dir='ltr'><strong>EVANGELICORUM.</strong></span> 
     </span>
    </p>
   </div>
   <div class='ocr_carea' id='block_1_3' title="bbox 1213 1050 1416 1058">
    <p class='ocr_par' dir='ltr' id='par_1_3' title="bbox 1213 1050 1416 1058">
     <span class='ocr_line' id='line_1_3' title="bbox 1213 1050 1416 1058; baseline 0 0"><span class='ocrx_word' id='word_1_5' title='bbox 1213 1050 1416 1058; x_wconf 95' lang='lat' dir='ltr'><strong><em> </em></strong></span> 
     </span>
    </p>
   </div>
   <div class='ocr_carea' id='block_1_4' title="bbox 119 1127 2511 3236">
    <p class='ocr_par' dir='ltr' id='par_1_4' title="bbox 125 1127 2509 1446">
     <span class='ocr_line' id='line_1_4' title="bbox 333 1127 2508 1184; baseline -0 -13"><span class='ocrx_word' id='word_1_6' title='bbox 333 1129 848 1172; x_wconf 82' lang='lat' dir='ltr'><strong>CHRISTOPHORUS</strong></span> <span class='ocrx_word' id='word_1_7' title='bbox 880 1129 1267 1173; x_wconf 84' lang='lat' dir='ltr'><strong>HERMANNUS</strong></span> <span class='ocrx_word' id='word_1_8' title='bbox 1300 1128 1591 1184; x_wconf 79' lang='lat' dir='ltr'><strong>SCHMIDT,</strong></span> <span class='ocrx_word' id='word_1_9' title='bbox 1624 1129 1700 1171; x_wconf 90' lang='lat' dir='ltr'><strong><em>Dr.</em></strong></span> <span class='ocrx_word' id='word_1_10' title='bbox 1724 1128 1771 1171; x_wconf 91' lang='lat' dir='ltr'><strong><em>P.</em></strong></span> <span class='ocrx_word' id='word_1_11' title='bbox 1794 1128 1840 1170; x_wconf 92' lang='lat' dir='ltr'><strong><em>P.</em></strong></span> <span class='ocrx_word' id='word_1_12' title='bbox 1865 1127 1918 1171; x_wconf 93' lang='grc' dir='ltr'><strong>Ο.</strong></span> <span class='ocrx_word' id='word_1_13' title='bbox 1942 1128 1985 1173; x_wconf 85' lang='lat' dir='ltr'><strong><em>h.</em></strong></span> <span class='ocrx_word' id='word_1_14' title='bbox 2007 1134 2037 1171; x_wconf 89' lang='lat' dir='ltr'><strong><em>t.</em></strong></span> <span class='ocrx_word' id='word_1_15' title='bbox 2061 1129 2170 1171; x_wconf 88' lang='lat' dir='ltr'><strong><em>Dee.</em></strong></span> <span class='ocrx_word' id='word_1_16' title='bbox 2227 1128 2448 1170; x_wconf 83' lang='lat' dir='ltr'><strong>Publice</strong></span> <span class='ocrx_word' id='word_1_17' title='bbox 2477 1129 2508 1170; x_wconf 93' lang='grc' dir='ltr'><strong><em>Ι.</em></strong></span> 
     </span>
     <span class='ocr_line' id='line_1_5' title="bbox 130 1196 2509 1254; baseline -0 -15"><span class='ocrx_word' id='word_1_18' title='bbox 130 1199 469 1241; x_wconf 71' lang='lat' dir='ltr'><strong><em>Exercitationes</em></strong></span> <span class='ocrx_word' id='word_1_19' title='bbox 501 1200 774 1242; x_wconf 85' lang='lat' dir='ltr'><strong><em>catecheticas</em></strong></span> <span class='ocrx_word' id='word_1_20' title='bbox 805 1201 850 1241; x_wconf 86' lang='lat' dir='ltr'><strong><em>in</em></strong></span> <span class='ocrx_word' id='word_1_21' title='bbox 880 1201 1110 1242; x_wconf 86' lang='lat' dir='ltr'><strong><em>seminario</em></strong></span> <span class='ocrx_word' id='word_1_22' title='bbox 1127 1201 1319 1254; x_wconf 89' lang='lat' dir='ltr'><strong><em>practico</em></strong></span> <span class='ocrx_word' id='word_1_23' title='bbox 1341 1198 1649 1240; x_wconf 83' lang='lat' dir='ltr'><strong>moderabitur</strong></span> <span class='ocrx_word' id='word_1_24' title='bbox 1671 1198 1713 1241; x_wconf 88' lang='lat' dir='ltr'><strong><em>d.</em></strong></span> <span class='ocrx_word' id='word_1_25' title='bbox 1732 1198 1846 1241; x_wconf 88' lang='lat' dir='ltr'><strong><em>Ven.</em></strong></span> <span class='ocrx_word' id='word_1_26' title='bbox 1864 1197 1907 1241; x_wconf 91' lang='lat' dir='ltr'><strong><em>h.</em></strong></span> <span class='ocrx_word' id='word_1_27' title='bbox 1925 1199 1986 1240; x_wconf 94' lang='lat' dir='ltr'><strong><em>IV</em></strong></span> <span class='ocrx_word' id='word_1_28' title='bbox 2003 1203 2047 1240; x_wconf 89' lang='lat' dir='ltr'><strong><em>et</em></strong></span> <span class='ocrx_word' id='word_1_29' title='bbox 2067 1197 2119 1241; x_wconf 88' lang='lat' dir='ltr'><strong><em>V.</em></strong></span> <span class='ocrx_word' id='word_1_30' title='bbox 2169 1196 2432 1239; x_wconf 84' lang='lat' dir='ltr'><strong>Privatim</strong></span> <span class='ocrx_word' id='word_1_31' title='bbox 2455 1196 2509 1238; x_wconf 93' lang='lat'><strong><em>11.</em></strong></span> 
     </span>
     <span class='ocr_line' id='line_1_6' title="bbox 134 1265 2509 1323; baseline 0 -15"><span class='ocrx_word' id='word_1_32' title='bbox 134 1266 267 1309; x_wconf 86' lang='lat' dir='ltr'><strong><em>Vitam</em></strong></span> <span class='ocrx_word' id='word_1_33' title='bbox 312 1267 411 1309; x_wconf 90' lang='lat' dir='ltr'><strong><em>Iesu</em></strong></span> <span class='ocrx_word' id='word_1_34' title='bbox 460 1266 619 1309; x_wconf 78' lang='lat' dir='ltr'><strong><em>Christi</em></strong></span> <span class='ocrx_word' id='word_1_35' title='bbox 662 1268 894 1310; x_wconf 86' lang='lat' dir='ltr'><strong><em>secundum</em></strong></span> <span class='ocrx_word' id='word_1_36' title='bbox 939 1271 1136 1323; x_wconf 85' lang='lat' dir='ltr'><strong><em>quattuor</em></strong></span> <span class='ocrx_word' id='word_1_37' title='bbox 1181 1268 1400 1321; x_wconf 78' lang='lat' dir='ltr'><strong><em>evanyetia</em></strong></span> <span class='ocrx_word' id='word_1_38' title='bbox 1446 1267 1671 1309; x_wconf 82' lang='lat' dir='ltr'><strong>enarrabit</strong></span> <span class='ocrx_word' id='word_1_39' title='bbox 1716 1266 1759 1310; x_wconf 87' lang='lat' dir='ltr'><strong><em>d.</em></strong></span> <span class='ocrx_word' id='word_1_40' title='bbox 1789 1267 1900 1309; x_wconf 88' lang='lat' dir='ltr'><strong>Lun.</strong></span> <span class='ocrx_word' id='word_1_41' title='bbox 1932 1266 2065 1310; x_wconf 90' lang='lat' dir='ltr'><strong><em>Mart.</em></strong></span> <span class='ocrx_word' id='word_1_42' title='bbox 2096 1267 2235 1309; x_wconf 87' lang='lat' dir='ltr'><strong><em>Merc.</em></strong></span> <span class='ocrx_word' id='word_1_43' title='bbox 2268 1266 2361 1309; x_wconf 88' lang='lat' dir='ltr'><strong>lov.</strong></span> <span class='ocrx_word' id='word_1_44' title='bbox 2394 1265 2509 1309; x_wconf 89' lang='lat' dir='ltr'><strong><em>Ven.</em></strong></span> 
     </span>
     <span class='ocr_line' id='line_1_7' title="bbox 126 1333 2509 1391; baseline 0.001 -15"><span class='ocrx_word' id='word_1_45' title='bbox 126 1333 169 1376; x_wconf 89' lang='lat' dir='ltr'><strong><em>h.</em></strong></span> <span class='ocrx_word' id='word_1_46' title='bbox 201 1333 259 1378; x_wconf 90' lang='lat' dir='ltr'><strong><em>X.</em></strong></span> <span class='ocrx_word' id='word_1_47' title='bbox 328 1334 404 1378; x_wconf 90' lang='lat'><strong>111.</strong></span> <span class='ocrx_word' id='word_1_48' title='bbox 450 1335 699 1390; x_wconf 76' lang='lat' dir='ltr'><strong><em>Theotoyiae</em></strong></span> <span class='ocrx_word' id='word_1_49' title='bbox 737 1336 993 1390; x_wconf 66' lang='lat' dir='ltr'><strong><em>dogmaticae</em></strong></span> <span class='ocrx_word' id='word_1_50' title='bbox 1025 1340 1190 1390; x_wconf 87' lang='lat' dir='ltr'><strong><em>partem</em></strong></span> <span class='ocrx_word' id='word_1_51' title='bbox 1230 1336 1407 1379; x_wconf 84' lang='lat' dir='ltr'><strong><em>alteram</em></strong></span> <span class='ocrx_word' id='word_1_52' title='bbox 1437 1350 1514 1379; x_wconf 88' lang='lat' dir='ltr'><strong><em>seu</em></strong></span> <span class='ocrx_word' id='word_1_53' title='bbox 1544 1337 1768 1391; x_wconf 80' lang='lat' dir='ltr'><strong><em>specialem</em></strong></span> <span class='ocrx_word' id='word_1_54' title='bbox 1809 1335 1958 1378; x_wconf 89' lang='lat' dir='ltr'><strong><em>tradet</em></strong></span> <span class='ocrx_word' id='word_1_55' title='bbox 1990 1335 2032 1380; x_wconf 87' lang='lat' dir='ltr'><strong><em>d.</em></strong></span> <span class='ocrx_word' id='word_1_56' title='bbox 2064 1335 2176 1380; x_wconf 90' lang='lat' dir='ltr'><strong>Lun.</strong></span> <span class='ocrx_word' id='word_1_57' title='bbox 2208 1335 2339 1379; x_wconf 88' lang='lat' dir='ltr'><strong><em>Mart.</em></strong></span> <span class='ocrx_word' id='word_1_58' title='bbox 2371 1335 2509 1379; x_wconf 88' lang='lat' dir='ltr'><strong><em>Merc.</em></strong></span> 
     </span>
     <span class='ocr_line' id='line_1_8' title="bbox 125 1402 556 1446; baseline 0 -1"><span class='ocrx_word' id='word_1_59' title='bbox 125 1402 221 1446; x_wconf 91' lang='lat' dir='ltr'><strong>Iov.</strong></span> <span class='ocrx_word' id='word_1_60' title='bbox 254 1402 367 1446; x_wconf 91' lang='lat' dir='ltr'><strong><em>Ven.</em></strong></span> <span class='ocrx_word' id='word_1_61' title='bbox 400 1402 444 1446; x_wconf 92' lang='lat' dir='ltr'><strong><em>h.</em></strong></span> <span class='ocrx_word' id='word_1_62' title='bbox 475 1402 556 1445; x_wconf 92' lang='lat' dir='ltr'><strong><em>IX.</em></strong></span> 
     </span>
    </p>

    <p class='ocr_par' dir='ltr' id='par_1_5' title="bbox 124 1470 2511 1733">
     <span class='ocr_line' id='line_1_9' title="bbox 327 1470 2509 1524; baseline 0.001 -11"><span class='ocrx_word' id='word_1_63' title='bbox 327 1470 529 1514; x_wconf 87' lang='lat' dir='ltr'>IULIUS</span> <span class='ocrx_word' id='word_1_64' title='bbox 562 1471 895 1524; x_wconf 81' lang='lat' dir='ltr'>RAEBIGER,</span> <span class='ocrx_word' id='word_1_65' title='bbox 936 1471 1013 1514; x_wconf 90' lang='lat' dir='ltr'><strong><em>Dr.</em></strong></span> <span class='ocrx_word' id='word_1_66' title='bbox 1037 1472 1083 1513; x_wconf 89' lang='lat' dir='ltr'><strong><em>P.</em></strong></span> <span class='ocrx_word' id='word_1_67' title='bbox 1106 1471 1153 1514; x_wconf 94' lang='lat' dir='ltr'><strong><em>P.</em></strong></span> <span class='ocrx_word' id='word_1_68' title='bbox 1178 1471 1232 1513; x_wconf 91' lang='lat' dir='ltr'><strong><em>O.</em></strong></span> <span class='ocrx_word' id='word_1_69' title='bbox 1294 1472 1524 1515; x_wconf 81' lang='lat' dir='ltr'><strong>Publice</strong></span> <span class='ocrx_word' id='word_1_70' title='bbox 1554 1472 1588 1514; x_wconf 91' lang='grc' dir='ltr'><strong>Ι.</strong></span> <span class='ocrx_word' id='word_1_71' title='bbox 1628 1474 1968 1515; x_wconf 75' lang='lat' dir='ltr'><strong><em>Exercitationes</em></strong></span> <span class='ocrx_word' id='word_1_72' title='bbox 1999 1474 2045 1515; x_wconf 87' lang='lat' dir='ltr'><strong><em>in</em></strong></span> <span class='ocrx_word' id='word_1_73' title='bbox 2073 1473 2216 1516; x_wconf 89' lang='lat' dir='ltr'><strong><em>Vetere</em></strong></span> <span class='ocrx_word' id='word_1_74' title='bbox 2249 1474 2509 1516; x_wconf 87' lang='lat' dir='ltr'><strong><em>Testamento</em></strong></span> 
     </span>
     <span class='ocr_line' id='line_1_10' title="bbox 127 1539 2511 1595; baseline 0.001 -13"><span class='ocrx_word' id='word_1_75' title='bbox 127 1541 445 1595; x_wconf 84' lang='lat' dir='ltr'><strong><em>interpretando</em></strong></span> <span class='ocrx_word' id='word_1_76' title='bbox 466 1541 512 1582; x_wconf 92' lang='lat' dir='ltr'><strong><em>in</em></strong></span> <span class='ocrx_word' id='word_1_77' title='bbox 533 1541 764 1583; x_wconf 87' lang='lat' dir='ltr'><strong><em>seminario</em></strong></span> <span class='ocrx_word' id='word_1_78' title='bbox 785 1542 901 1595; x_wconf 77' lang='lat' dir='ltr'><strong><em>reyio</em></strong></span> <span class='ocrx_word' id='word_1_79' title='bbox 932 1540 1240 1582; x_wconf 85' lang='lat' dir='ltr'><strong><em>moderabitur</em></strong></span> <span class='ocrx_word' id='word_1_80' title='bbox 1262 1539 1304 1584; x_wconf 91' lang='lat' dir='ltr'><strong><em>d.</em></strong></span> <span class='ocrx_word' id='word_1_81' title='bbox 1323 1540 1416 1582; x_wconf 86' lang='lat' dir='ltr'><strong><em>Sat.</em></strong></span> <span class='ocrx_word' id='word_1_82' title='bbox 1440 1541 1483 1583; x_wconf 92' lang='lat' dir='ltr'><strong><em>h.</em></strong></span> <span class='ocrx_word' id='word_1_83' title='bbox 1505 1540 1571 1583; x_wconf 93' lang='lat' dir='ltr'><strong><em>IX</em></strong></span> <span class='ocrx_word' id='word_1_84' title='bbox 1596 1547 1640 1584; x_wconf 87' lang='lat' dir='ltr'><strong><em>et</em></strong></span> <span class='ocrx_word' id='word_1_85' title='bbox 1660 1541 1718 1585; x_wconf 90' lang='lat' dir='ltr'><strong><em>X.</em></strong></span> <span class='ocrx_word' id='word_1_86' title='bbox 1776 1540 2045 1583; x_wconf 85' lang='lat' dir='ltr'><strong><em>Privatim</em></strong></span> <span class='ocrx_word' id='word_1_87' title='bbox 2067 1542 2122 1584; x_wconf 90' lang='lat' dir='ltr'><strong><em>H.</em></strong></span> <span class='ocrx_word' id='word_1_88' title='bbox 2152 1542 2511 1586; x_wconf 86' lang='lat' dir='ltr'><strong><em>Introductionem</em></strong></span> 
     </span>
     <span class='ocr_line' id='line_1_11' title="bbox 124 1608 2507 1654; baseline 0.001 -4"><span class='ocrx_word' id='word_1_89' title='bbox 124 1610 170 1651; x_wconf 85' lang='lat' dir='ltr'><strong><em>in</em></strong></span> <span class='ocrx_word' id='word_1_90' title='bbox 215 1608 339 1652; x_wconf 87' lang='lat' dir='ltr'><strong><em>Vetus</em></strong></span> <span class='ocrx_word' id='word_1_91' title='bbox 389 1609 699 1652; x_wconf 78' lang='lat' dir='ltr'><strong><em>Testamentum</em></strong></span> <span class='ocrx_word' id='word_1_92' title='bbox 752 1608 935 1652; x_wconf 82' lang='lat' dir='ltr'><strong><em>docebit</em></strong></span> <span class='ocrx_word' id='word_1_93' title='bbox 975 1608 1017 1653; x_wconf 92' lang='lat' dir='ltr'><strong><em>d.</em></strong></span> <span class='ocrx_word' id='word_1_94' title='bbox 1063 1609 1175 1653; x_wconf 90' lang='lat' dir='ltr'><strong>Lun.</strong></span> <span class='ocrx_word' id='word_1_95' title='bbox 1214 1609 1346 1653; x_wconf 87' lang='lat' dir='ltr'><strong><em>Mart.</em></strong></span> <span class='ocrx_word' id='word_1_96' title='bbox 1385 1610 1479 1653; x_wconf 92' lang='lat' dir='ltr'><strong>Iov.</strong></span> <span class='ocrx_word' id='word_1_97' title='bbox 1513 1609 1626 1653; x_wconf 89' lang='lat' dir='ltr'><strong><em>Ven.</em></strong></span> <span class='ocrx_word' id='word_1_98' title='bbox 1666 1608 1709 1652; x_wconf 93' lang='lat' dir='ltr'><strong><em>h.</em></strong></span> <span class='ocrx_word' id='word_1_99' title='bbox 1751 1608 1827 1653; x_wconf 92' lang='lat' dir='ltr'><strong><em>IX.</em></strong></span> <span class='ocrx_word' id='word_1_100' title='bbox 1908 1609 1985 1654; x_wconf 90' lang='lat' dir='ltr'><strong>III.</strong></span> <span class='ocrx_word' id='word_1_101' title='bbox 2045 1610 2137 1652; x_wconf 87' lang='lat' dir='ltr'><strong><em>Iobi</em></strong></span> <span class='ocrx_word' id='word_1_102' title='bbox 2175 1610 2328 1652; x_wconf 85' lang='lat' dir='ltr'><strong><em>librum</em></strong></span> <span class='ocrx_word' id='word_1_103' title='bbox 2371 1611 2507 1653; x_wconf 90' lang='lat' dir='ltr'><strong><em>inter-</em></strong></span> 
     </span>
     <span class='ocr_line' id='line_1_12' title="bbox 127 1676 1196 1733; baseline 0.002 -14"><span class='ocrx_word' id='word_1_104' title='bbox 127 1676 379 1733; x_wconf 88' lang='lat' dir='ltr'><strong><em>pretabitur</em></strong></span> <span class='ocrx_word' id='word_1_105' title='bbox 410 1676 453 1720; x_wconf 91' lang='lat' dir='ltr'><strong><em>d.</em></strong></span> <span class='ocrx_word' id='word_1_106' title='bbox 482 1676 595 1721; x_wconf 86' lang='lat' dir='ltr'><strong>Lun.</strong></span> <span class='ocrx_word' id='word_1_107' title='bbox 628 1677 759 1719; x_wconf 81' lang='lat' dir='ltr'><strong><em>Mart.</em></strong></span> <span class='ocrx_word' id='word_1_108' title='bbox 789 1679 884 1721; x_wconf 86' lang='lat' dir='ltr'><strong>Iov.</strong></span> <span class='ocrx_word' id='word_1_109' title='bbox 916 1677 1030 1721; x_wconf 88' lang='lat' dir='ltr'><strong><em>Ven.</em></strong></span> <span class='ocrx_word' id='word_1_110' title='bbox 1062 1677 1107 1721; x_wconf 90' lang='grc'><strong><em>11.</em></strong></span> <span class='ocrx_word' id='word_1_111' title='bbox 1139 1677 1196 1721; x_wconf 90' lang='lat' dir='ltr'><strong><em>X.</em></strong></span> 
     </span>
    </p>

    <p class='ocr_par' dir='ltr' id='par_1_6' title="bbox 119 1744 2510 2133">
     <span class='ocr_line' id='line_1_13' title="bbox 328 1744 2510 1802; baseline 0.001 -15"><span class='ocrx_word' id='word_1_112' title='bbox 328 1744 663 1788; x_wconf 86' lang='lat' dir='ltr'><strong>EDUARDUS</strong></span> <span class='ocrx_word' id='word_1_113' title='bbox 702 1745 926 1796; x_wconf 83' lang='lat' dir='ltr'>MEUSS,</span> <span class='ocrx_word' id='word_1_114' title='bbox 973 1745 1050 1787; x_wconf 89' lang='lat' dir='ltr'><strong><em>Dr.</em></strong></span> <span class='ocrx_word' id='word_1_115' title='bbox 1081 1746 1129 1789; x_wconf 88' lang='lat' dir='ltr'><strong><em>P.</em></strong></span> <span class='ocrx_word' id='word_1_116' title='bbox 1169 1746 1216 1787; x_wconf 90' lang='lat' dir='ltr'><strong><em>P.</em></strong></span> <span class='ocrx_word' id='word_1_117' title='bbox 1259 1745 1310 1787; x_wconf 92' lang='lat' dir='ltr'><strong><em>O.</em></strong></span> <span class='ocrx_word' id='word_1_118' title='bbox 1395 1745 1629 1787; x_wconf 88' lang='lat' dir='ltr'><strong><em>Publice</em></strong></span> <span class='ocrx_word' id='word_1_119' title='bbox 1673 1746 1708 1788; x_wconf 93' lang='grc' dir='ltr'><strong>Ι.</strong></span> <span class='ocrx_word' id='word_1_120' title='bbox 1767 1747 2109 1789; x_wconf 74' lang='lat' dir='ltr'><strong><em>Emercitationes</em></strong></span> <span class='ocrx_word' id='word_1_121' title='bbox 2160 1748 2218 1789; x_wconf 88' lang='lat' dir='ltr'><strong><em>ad</em></strong></span> <span class='ocrx_word' id='word_1_122' title='bbox 2261 1747 2510 1802; x_wconf 64' lang='lat' dir='ltr'><strong><em>theologiam</em></strong></span> 
     </span>
     <span class='ocr_line' id='line_1_14' title="bbox 123 1813 2509 1869; baseline 0.001 -13"><span class='ocrx_word' id='word_1_123' title='bbox 123 1815 435 1868; x_wconf 74' lang='lat' dir='ltr'><strong><em>systematicam</em></strong></span> <span class='ocrx_word' id='word_1_124' title='bbox 458 1815 720 1869; x_wconf 78' lang='lat' dir='ltr'><strong><em>pertinentes</em></strong></span> <span class='ocrx_word' id='word_1_125' title='bbox 750 1816 797 1856; x_wconf 91' lang='lat' dir='ltr'><strong><em>in</em></strong></span> <span class='ocrx_word' id='word_1_126' title='bbox 827 1816 1058 1857; x_wconf 87' lang='lat' dir='ltr'><strong><em>seminario</em></strong></span> <span class='ocrx_word' id='word_1_127' title='bbox 1089 1816 1205 1869; x_wconf 72' lang='lat' dir='ltr'><strong><em>reyio</em></strong></span> <span class='ocrx_word' id='word_1_128' title='bbox 1236 1814 1544 1856; x_wconf 84' lang='lat' dir='ltr'><strong><em>moderabitur</em></strong></span> <span class='ocrx_word' id='word_1_129' title='bbox 1575 1814 1618 1856; x_wconf 88' lang='lat' dir='ltr'><strong><em>d.</em></strong></span> <span class='ocrx_word' id='word_1_130' title='bbox 1639 1814 1734 1857; x_wconf 91' lang='lat' dir='ltr'><strong>Iov.</strong></span> <span class='ocrx_word' id='word_1_131' title='bbox 1758 1814 1802 1858; x_wconf 93' lang='lat' dir='ltr'><strong><em>h.</em></strong></span> <span class='ocrx_word' id='word_1_132' title='bbox 1825 1813 1868 1854; x_wconf 92' lang='lat' dir='ltr'>V</span> <span class='ocrx_word' id='word_1_133' title='bbox 1890 1819 1935 1856; x_wconf 85' lang='lat' dir='ltr'><strong><em>et</em></strong></span> <span class='ocrx_word' id='word_1_134' title='bbox 1958 1813 2033 1856; x_wconf 92' lang='lat' dir='ltr'><strong><em>VI.</em></strong></span> <span class='ocrx_word' id='word_1_135' title='bbox 2084 1814 2138 1858; x_wconf 90' lang='lat' dir='ltr'><strong><em>II.</em></strong></span> <span class='ocrx_word' id='word_1_136' title='bbox 2170 1817 2509 1860; x_wconf 78' lang='lat' dir='ltr'><strong><em>Eoeercitationes</em></strong></span> 
     </span>
     <span class='ocr_line' id='line_1_15' title="bbox 125 1876 2509 1939; baseline 0.001 -14"><span class='ocrx_word' id='word_1_137' title='bbox 125 1884 384 1926; x_wconf 78' lang='lat' dir='ltr'><strong><em>homileticas</em></strong></span> <span class='ocrx_word' id='word_1_138' title='bbox 414 1885 461 1925; x_wconf 91' lang='lat' dir='ltr'><strong><em>in</em></strong></span> <span class='ocrx_word' id='word_1_139' title='bbox 490 1884 721 1926; x_wconf 88' lang='lat' dir='ltr'><strong><em>seminario</em></strong></span> <span class='ocrx_word' id='word_1_140' title='bbox 746 1885 939 1938; x_wconf 87' lang='lat' dir='ltr'><strong><em>practico</em></strong></span> <span class='ocrx_word' id='word_1_141' title='bbox 970 1883 1278 1925; x_wconf 84' lang='lat' dir='ltr'><strong><em>moderabitur</em></strong></span> <span class='ocrx_word' id='word_1_142' title='bbox 1309 1882 1351 1924; x_wconf 91' lang='lat' dir='ltr'><strong><em>d.</em></strong></span> <span class='ocrx_word' id='word_1_143' title='bbox 1383 1883 1495 1927; x_wconf 89' lang='lat' dir='ltr'><strong>Lun.</strong></span> <span class='ocrx_word' id='word_1_144' title='bbox 1527 1882 1570 1926; x_wconf 94' lang='lat' dir='ltr'><strong><em>h.</em></strong></span> <span class='ocrx_word' id='word_1_145' title='bbox 1592 1882 1655 1925; x_wconf 95' lang='lat' dir='ltr'><strong><em>III</em></strong></span> <span class='ocrx_word' id='word_1_146' title='bbox 1687 1887 1731 1924; x_wconf 91' lang='lat' dir='ltr'><strong><em>et</em></strong></span> <span class='ocrx_word' id='word_1_147' title='bbox 1760 1876 1840 1925; x_wconf 85' lang='lat' dir='ltr'><strong><em>IV.</em></strong></span> <span class='ocrx_word' id='word_1_148' title='bbox 1901 1882 2168 1926; x_wconf 86' lang='lat' dir='ltr'><strong><em>Privatim</em></strong></span> <span class='ocrx_word' id='word_1_149' title='bbox 2198 1883 2275 1926; x_wconf 94' lang='lat' dir='ltr'><strong>III.</strong></span> <span class='ocrx_word' id='word_1_150' title='bbox 2309 1886 2509 1939; x_wconf 76' lang='lat' dir='ltr'><strong><em>Encycto-</em></strong></span> 
     </span>
     <span class='ocr_line' id='line_1_16' title="bbox 119 1950 2509 2009; baseline 0 -14"><span class='ocrx_word' id='word_1_151' title='bbox 119 1953 322 2008; x_wconf 80' lang='lat' dir='ltr'><strong><em>paediam</em></strong></span> <span class='ocrx_word' id='word_1_152' title='bbox 367 1952 598 2007; x_wconf 75' lang='lat' dir='ltr'><strong><em>theoloyiae</em></strong></span> <span class='ocrx_word' id='word_1_153' title='bbox 643 1951 827 1994; x_wconf 84' lang='lat' dir='ltr'><strong><em>docebit</em></strong></span> <span class='ocrx_word' id='word_1_154' title='bbox 873 1951 915 1995; x_wconf 91' lang='lat' dir='ltr'><strong><em>d.</em></strong></span> <span class='ocrx_word' id='word_1_155' title='bbox 956 1952 1087 1996; x_wconf 88' lang='lat' dir='ltr'><strong><em>Mart.</em></strong></span> <span class='ocrx_word' id='word_1_156' title='bbox 1124 1952 1219 1995; x_wconf 93' lang='lat' dir='ltr'><strong>Iov.</strong></span> <span class='ocrx_word' id='word_1_157' title='bbox 1251 1951 1366 1993; x_wconf 88' lang='lat' dir='ltr'><strong><em>Ven.</em></strong></span> <span class='ocrx_word' id='word_1_158' title='bbox 1406 1951 1450 1994; x_wconf 91' lang='lat' dir='ltr'><strong><em>h.</em></strong></span> <span class='ocrx_word' id='word_1_159' title='bbox 1487 1952 1586 1994; x_wconf 91' lang='lat' dir='ltr'><strong>XII.</strong></span> <span class='ocrx_word' id='word_1_160' title='bbox 1665 1950 1745 1995; x_wconf 91' lang='lat' dir='ltr'><strong><em>IV.</em></strong></span> <span class='ocrx_word' id='word_1_161' title='bbox 1793 1952 2042 2006; x_wconf 78' lang='lat' dir='ltr'><strong><em>Theoloyiae</em></strong></span> <span class='ocrx_word' id='word_1_162' title='bbox 2082 1953 2300 2007; x_wconf 85' lang='lat' dir='ltr'><strong><em>practicae</em></strong></span> <span class='ocrx_word' id='word_1_163' title='bbox 2339 1959 2509 2009; x_wconf 89' lang='lat' dir='ltr'><strong><em>partem</em></strong></span> 
     </span>
     <span class='ocr_line' id='line_1_17' title="bbox 119 2019 2507 2076; baseline 0.001 -14"><span class='ocrx_word' id='word_1_164' title='bbox 119 2022 334 2076; x_wconf 77' lang='lat' dir='ltr'><strong><em>priorem,</em></strong></span> <span class='ocrx_word' id='word_1_165' title='bbox 373 2034 480 2076; x_wconf 85' lang='lat' dir='ltr'><strong><em>quae</em></strong></span> <span class='ocrx_word' id='word_1_166' title='bbox 511 2025 573 2063; x_wconf 87' lang='lat' dir='ltr'><strong><em>est</em></strong></span> <span class='ocrx_word' id='word_1_167' title='bbox 602 2021 653 2063; x_wconf 87' lang='lat' dir='ltr'><strong><em>de</em></strong></span> <span class='ocrx_word' id='word_1_168' title='bbox 684 2021 796 2063; x_wconf 82' lang='lat' dir='ltr'><strong><em>cuttu</em></strong></span> <span class='ocrx_word' id='word_1_169' title='bbox 826 2022 909 2063; x_wconf 90' lang='lat' dir='ltr'><strong><em>Dei</em></strong></span> <span class='ocrx_word' id='word_1_170' title='bbox 932 2021 1124 2076; x_wconf 83' lang='lat' dir='ltr'><strong><em>publico,</em></strong></span> <span class='ocrx_word' id='word_1_171' title='bbox 1157 2022 1207 2063; x_wconf 88' lang='lat' dir='ltr'><strong><em>de</em></strong></span> <span class='ocrx_word' id='word_1_172' title='bbox 1238 2020 1401 2063; x_wconf 88' lang='lat' dir='ltr'><strong><em>artibus</em></strong></span> <span class='ocrx_word' id='word_1_173' title='bbox 1433 2021 1707 2063; x_wconf 86' lang='lat' dir='ltr'><strong><em>contionandi</em></strong></span> <span class='ocrx_word' id='word_1_174' title='bbox 1737 2025 1776 2062; x_wconf 89' lang='lat' dir='ltr'><strong><em>et</em></strong></span> <span class='ocrx_word' id='word_1_175' title='bbox 1806 2020 2110 2074; x_wconf 77' lang='lat' dir='ltr'><strong><em>catechizand—i,</em></strong></span> <span class='ocrx_word' id='word_1_176' title='bbox 2140 2019 2290 2062; x_wconf 87' lang='lat' dir='ltr'><strong><em>tradet</em></strong></span> <span class='ocrx_word' id='word_1_177' title='bbox 2321 2021 2363 2065; x_wconf 89' lang='lat' dir='ltr'><strong><em>d.</em></strong></span> <span class='ocrx_word' id='word_1_178' title='bbox 2395 2021 2507 2065; x_wconf 89' lang='lat' dir='ltr'><strong>Lun.</strong></span> 
     </span>
     <span class='ocr_line' id='line_1_18' title="bbox 126 2089 835 2133; baseline 0 -2"><span class='ocrx_word' id='word_1_179' title='bbox 126 2089 257 2132; x_wconf 86' lang='lat' dir='ltr'><strong><em>Mart.</em></strong></span> <span class='ocrx_word' id='word_1_180' title='bbox 288 2090 383 2133; x_wconf 82' lang='lat' dir='ltr'><strong><em>Iov,</em></strong></span> <span class='ocrx_word' id='word_1_181' title='bbox 414 2089 524 2132; x_wconf 89' lang='lat' dir='ltr'><strong><em>Ven.</em></strong></span> <span class='ocrx_word' id='word_1_182' title='bbox 557 2089 650 2132; x_wconf 86' lang='lat' dir='ltr'><strong><em>Sat.</em></strong></span> <span class='ocrx_word' id='word_1_183' title='bbox 682 2089 726 2132; x_wconf 87' lang='lat' dir='ltr'><strong><em>h.</em></strong></span> <span class='ocrx_word' id='word_1_184' title='bbox 757 2089 835 2132; x_wconf 90' lang='lat' dir='ltr'><strong>XI.</strong></span> 
     </span>
    </p>

    <p class='ocr_par' dir='ltr' id='par_1_7' title="bbox 124 2156 2507 2410">
     <span class='ocr_line' id='line_1_19' title="bbox 328 2156 2506 2206; baseline 0.001 -7"><span class='ocrx_word' id='word_1_185' title='bbox 328 2156 681 2200; x_wconf 85' lang='lat' dir='ltr'><strong>LUDOVICUS</strong></span> <span class='ocrx_word' id='word_1_186' title='bbox 715 2156 910 2206; x_wconf 87' lang='lat' dir='ltr'>HAHN,</span> <span class='ocrx_word' id='word_1_187' title='bbox 958 2157 1034 2198; x_wconf 89' lang='lat' dir='ltr'><strong><em>Dr.</em></strong></span> <span class='ocrx_word' id='word_1_188' title='bbox 1067 2157 1115 2200; x_wconf 89' lang='lat' dir='ltr'><strong><em>P.</em></strong></span> <span class='ocrx_word' id='word_1_189' title='bbox 1147 2157 1194 2198; x_wconf 95' lang='lat' dir='ltr'><strong><em>P.</em></strong></span> <span class='ocrx_word' id='word_1_190' title='bbox 1229 2156 1283 2200; x_wconf 92' lang='lat' dir='ltr'><strong><em>O.</em></strong></span> <span class='ocrx_word' id='word_1_191' title='bbox 1358 2157 1594 2199; x_wconf 86' lang='lat' dir='ltr'><strong><em>Publice</em></strong></span> <span class='ocrx_word' id='word_1_192' title='bbox 1631 2157 1663 2198; x_wconf 96' lang='grc' dir='ltr'><strong><em>Ι.</em></strong></span> <span class='ocrx_word' id='word_1_193' title='bbox 1722 2159 2063 2201; x_wconf 75' lang='lat' dir='ltr'><strong><em>Emercitationes</em></strong></span> <span class='ocrx_word' id='word_1_194' title='bbox 2107 2161 2154 2201; x_wconf 85' lang='lat' dir='ltr'><strong><em>in</em></strong></span> <span class='ocrx_word' id='word_1_195' title='bbox 2197 2159 2319 2202; x_wconf 82' lang='lat' dir='ltr'><strong><em>Novo</em></strong></span> <span class='ocrx_word' id='word_1_196' title='bbox 2361 2160 2506 2202; x_wconf 88' lang='lat' dir='ltr'><strong><em>Testa-</em></strong></span> 
     </span>
     <span class='ocr_line' id='line_1_20' title="bbox 124 2225 2507 2282; baseline 0.001 -13"><span class='ocrx_word' id='word_1_197' title='bbox 124 2231 261 2270; x_wconf 88' lang='lat' dir='ltr'><strong><em>mento</em></strong></span> <span class='ocrx_word' id='word_1_198' title='bbox 292 2227 608 2282; x_wconf 86' lang='lat' dir='ltr'><strong><em>interpretando</em></strong></span> <span class='ocrx_word' id='word_1_199' title='bbox 640 2228 686 2269; x_wconf 88' lang='lat' dir='ltr'><strong><em>in</em></strong></span> <span class='ocrx_word' id='word_1_200' title='bbox 716 2227 946 2269; x_wconf 88' lang='lat' dir='ltr'><strong><em>seminario</em></strong></span> <span class='ocrx_word' id='word_1_201' title='bbox 976 2228 1093 2281; x_wconf 79' lang='lat' dir='ltr'><strong><em>reyio</em></strong></span> <span class='ocrx_word' id='word_1_202' title='bbox 1139 2226 1447 2268; x_wconf 86' lang='lat' dir='ltr'><strong><em>moderabitur</em></strong></span> <span class='ocrx_word' id='word_1_203' title='bbox 1492 2226 1534 2270; x_wconf 93' lang='lat' dir='ltr'><strong><em>d.</em></strong></span> <span class='ocrx_word' id='word_1_204' title='bbox 1574 2226 1712 2270; x_wconf 88' lang='lat' dir='ltr'><strong><em>Merc.</em></strong></span> <span class='ocrx_word' id='word_1_205' title='bbox 1750 2226 1794 2269; x_wconf 92' lang='lat' dir='ltr'><strong><em>h.</em></strong></span> <span class='ocrx_word' id='word_1_206' title='bbox 1834 2225 1878 2268; x_wconf 93' lang='lat' dir='ltr'><strong>V</strong></span> <span class='ocrx_word' id='word_1_207' title='bbox 1911 2232 1955 2268; x_wconf 88' lang='lat' dir='ltr'><strong><em>et</em></strong></span> <span class='ocrx_word' id='word_1_208' title='bbox 1992 2226 2071 2270; x_wconf 89' lang='lat' dir='ltr'><strong><em>VI.</em></strong></span> <span class='ocrx_word' id='word_1_209' title='bbox 2138 2227 2404 2270; x_wconf 86' lang='lat' dir='ltr'><strong><em>Privatim</em></strong></span> <span class='ocrx_word' id='word_1_210' title='bbox 2451 2229 2507 2271; x_wconf 91' lang='grc' dir='ltr'><strong>ΙΙ.</strong></span> 
     </span>
     <span class='ocr_line' id='line_1_21' title="bbox 124 2294 2506 2351; baseline 0.001 -13"><span class='ocrx_word' id='word_1_211' title='bbox 124 2296 365 2351; x_wconf 72' lang='lat' dir='ltr'><strong><em>Epistulam</em></strong></span> <span class='ocrx_word' id='word_1_212' title='bbox 409 2296 538 2337; x_wconf 83' lang='lat' dir='ltr'><strong><em>Pauli</em></strong></span> <span class='ocrx_word' id='word_1_213' title='bbox 582 2296 639 2338; x_wconf 82' lang='lat' dir='ltr'><strong><em>ad</em></strong></span> <span class='ocrx_word' id='word_1_214' title='bbox 681 2295 899 2338; x_wconf 89' lang='lat' dir='ltr'><strong><em>Romanos</em></strong></span> <span class='ocrx_word' id='word_1_215' title='bbox 944 2296 1086 2338; x_wconf 85' lang='lat' dir='ltr'><strong><em>datam</em></strong></span> <span class='ocrx_word' id='word_1_216' title='bbox 1130 2295 1500 2351; x_wconf 86' lang='lat' dir='ltr'><strong><em>interpretabitur</em></strong></span> <span class='ocrx_word' id='word_1_217' title='bbox 1531 2295 1572 2338; x_wconf 91' lang='lat' dir='ltr'><strong><em>d.</em></strong></span> <span class='ocrx_word' id='word_1_218' title='bbox 1603 2294 1716 2338; x_wconf 87' lang='lat' dir='ltr'><strong>Lun.</strong></span> <span class='ocrx_word' id='word_1_219' title='bbox 1747 2294 1880 2337; x_wconf 84' lang='lat' dir='ltr'><strong><em>Mart.</em></strong></span> <span class='ocrx_word' id='word_1_220' title='bbox 1913 2294 2050 2339; x_wconf 91' lang='lat' dir='ltr'><strong><em>Merc.</em></strong></span> <span class='ocrx_word' id='word_1_221' title='bbox 2082 2297 2176 2339; x_wconf 89' lang='lat' dir='ltr'><strong>Iov.</strong></span> <span class='ocrx_word' id='word_1_222' title='bbox 2210 2295 2322 2340; x_wconf 87' lang='lat' dir='ltr'><strong><em>Ven.</em></strong></span> <span class='ocrx_word' id='word_1_223' title='bbox 2353 2297 2398 2338; x_wconf 91' lang='lat' dir='ltr'><strong><em>h.</em></strong></span> <span class='ocrx_word' id='word_1_224' title='bbox 2429 2298 2506 2341; x_wconf 88' lang='lat' dir='ltr'><strong><em>IX.</em></strong></span> 
     </span>
     <span class='ocr_line' id='line_1_22' title="bbox 125 2363 2420 2410; baseline 0.002 -4"><span class='ocrx_word' id='word_1_225' title='bbox 125 2364 202 2408; x_wconf 93' lang='lat' dir='ltr'><strong>III.</strong></span> <span class='ocrx_word' id='word_1_226' title='bbox 241 2364 598 2407; x_wconf 87' lang='lat' dir='ltr'><strong><em>Introductionem</em></strong></span> <span class='ocrx_word' id='word_1_227' title='bbox 628 2365 675 2406; x_wconf 89' lang='lat' dir='ltr'><strong><em>in</em></strong></span> <span class='ocrx_word' id='word_1_228' title='bbox 704 2363 872 2407; x_wconf 85' lang='lat' dir='ltr'><strong><em>Novum</em></strong></span> <span class='ocrx_word' id='word_1_229' title='bbox 906 2364 1214 2407; x_wconf 82' lang='lat' dir='ltr'><strong><em>Testamentum</em></strong></span> <span class='ocrx_word' id='word_1_230' title='bbox 1246 2363 1430 2406; x_wconf 87' lang='lat' dir='ltr'><strong><em>docebit</em></strong></span> <span class='ocrx_word' id='word_1_231' title='bbox 1462 2363 1503 2405; x_wconf 87' lang='lat' dir='ltr'><strong><em>d.</em></strong></span> <span class='ocrx_word' id='word_1_232' title='bbox 1535 2363 1647 2407; x_wconf 90' lang='lat' dir='ltr'><strong>Lun.</strong></span> <span class='ocrx_word' id='word_1_233' title='bbox 1678 2363 1810 2406; x_wconf 89' lang='lat' dir='ltr'><strong><em>Mart.</em></strong></span> <span class='ocrx_word' id='word_1_234' title='bbox 1844 2363 1981 2407; x_wconf 85' lang='lat' dir='ltr'><strong><em>Mero.</em></strong></span> <span class='ocrx_word' id='word_1_235' title='bbox 2011 2365 2106 2408; x_wconf 91' lang='lat' dir='ltr'><strong>Iov.</strong></span> <span class='ocrx_word' id='word_1_236' title='bbox 2139 2364 2253 2406; x_wconf 88' lang='lat' dir='ltr'><strong><em>Ven.</em></strong></span> <span class='ocrx_word' id='word_1_237' title='bbox 2285 2365 2330 2410; x_wconf 87' lang='lat' dir='ltr'><strong><em>h.</em></strong></span> <span class='ocrx_word' id='word_1_238' title='bbox 2361 2365 2420 2410; x_wconf 91' lang='lat' dir='ltr'><strong><em>X.</em></strong></span> 
     </span>
    </p>

    <p class='ocr_par' dir='ltr' id='par_1_8' title="bbox 125 2431 2507 2682">
     <span class='ocr_line' id='line_1_23' title="bbox 327 2431 2504 2494; baseline 0.002 -20"><span class='ocrx_word' id='word_1_239' title='bbox 327 2431 714 2475; x_wconf 82' lang='lat' dir='ltr'><strong>HERMANNUS</strong></span> <span class='ocrx_word' id='word_1_240' title='bbox 745 2431 1183 2494; x_wconf 68' lang='lat' dir='ltr'><strong>WEINGARTEN‚</strong></span> <span class='ocrx_word' id='word_1_241' title='bbox 1217 2432 1295 2474; x_wconf 90' lang='lat' dir='ltr'><strong><em>Dr.</em></strong></span> <span class='ocrx_word' id='word_1_242' title='bbox 1317 2434 1365 2475; x_wconf 93' lang='lat' dir='ltr'><strong><em>P.</em></strong></span> <span class='ocrx_word' id='word_1_243' title='bbox 1382 2431 1430 2476; x_wconf 94' lang='lat' dir='ltr'><strong><em>P.</em></strong></span> <span class='ocrx_word' id='word_1_244' title='bbox 1450 2431 1504 2475; x_wconf 92' lang='grc' dir='ltr'><strong>Ο.</strong></span> <span class='ocrx_word' id='word_1_245' title='bbox 1564 2432 1795 2474; x_wconf 89' lang='lat' dir='ltr'><strong><em>Publice</em></strong></span> <span class='ocrx_word' id='word_1_246' title='bbox 1826 2431 1859 2474; x_wconf 91' lang='lat' dir='ltr'><strong><em>I.</em></strong></span> <span class='ocrx_word' id='word_1_247' title='bbox 1918 2434 2259 2476; x_wconf 76' lang='lat' dir='ltr'><strong><em>Emercitationes</em></strong></span> <span class='ocrx_word' id='word_1_248' title='bbox 2290 2436 2348 2477; x_wconf 83' lang='lat' dir='ltr'><strong><em>ad</em></strong></span> <span class='ocrx_word' id='word_1_249' title='bbox 2376 2436 2504 2480; x_wconf 78' lang='lat' dir='ltr'><strong><em>histo-</em></strong></span> 
     </span>
     <span class='ocr_line' id='line_1_24' title="bbox 125 2500 2505 2556; baseline 0.001 -13"><span class='ocrx_word' id='word_1_250' title='bbox 125 2503 236 2555; x_wconf 78' lang='lat' dir='ltr'><strong><em>riam</em></strong></span> <span class='ocrx_word' id='word_1_251' title='bbox 266 2501 467 2543; x_wconf 86' lang='lat' dir='ltr'><strong><em>ecclesiae</em></strong></span> <span class='ocrx_word' id='word_1_252' title='bbox 493 2502 751 2556; x_wconf 80' lang='lat' dir='ltr'><strong><em>pertinentes</em></strong></span> <span class='ocrx_word' id='word_1_253' title='bbox 782 2502 828 2543; x_wconf 89' lang='lat' dir='ltr'><strong><em>in</em></strong></span> <span class='ocrx_word' id='word_1_254' title='bbox 857 2502 1087 2544; x_wconf 89' lang='lat' dir='ltr'><strong><em>seminario</em></strong></span> <span class='ocrx_word' id='word_1_255' title='bbox 1118 2503 1235 2555; x_wconf 78' lang='lat' dir='ltr'><strong><em>reyio</em></strong></span> <span class='ocrx_word' id='word_1_256' title='bbox 1265 2500 1574 2543; x_wconf 89' lang='lat' dir='ltr'><strong><em>moderabitur</em></strong></span> <span class='ocrx_word' id='word_1_257' title='bbox 1605 2501 1646 2543; x_wconf 94' lang='lat' dir='ltr'><strong><em>d.</em></strong></span> <span class='ocrx_word' id='word_1_258' title='bbox 1667 2501 1798 2543; x_wconf 88' lang='lat' dir='ltr'><strong><em>Mart.</em></strong></span> <span class='ocrx_word' id='word_1_259' title='bbox 1825 2500 1869 2544; x_wconf 90' lang='lat' dir='ltr'><strong><em>h.</em></strong></span> <span class='ocrx_word' id='word_1_260' title='bbox 1887 2500 1930 2542; x_wconf 90' lang='lat' dir='ltr'><strong>V</strong></span> <span class='ocrx_word' id='word_1_261' title='bbox 1953 2506 1997 2543; x_wconf 88' lang='lat' dir='ltr'><strong><em>et</em></strong></span> <span class='ocrx_word' id='word_1_262' title='bbox 2020 2500 2095 2544; x_wconf 91' lang='lat' dir='ltr'><strong><em>VI.</em></strong></span> <span class='ocrx_word' id='word_1_263' title='bbox 2155 2501 2419 2544; x_wconf 88' lang='lat' dir='ltr'><strong><em>Privatim</em></strong></span> <span class='ocrx_word' id='word_1_264' title='bbox 2451 2503 2505 2547; x_wconf 90' lang='grc' dir='ltr'><strong>ΙΙ.</strong></span> 
     </span>
     <span class='ocr_line' id='line_1_25' title="bbox 125 2569 2507 2625; baseline 0.001 -13"><span class='ocrx_word' id='word_1_265' title='bbox 125 2571 359 2612; x_wconf 82' lang='lat' dir='ltr'><strong><em>Historiam</em></strong></span> <span class='ocrx_word' id='word_1_266' title='bbox 390 2570 590 2612; x_wconf 87' lang='lat' dir='ltr'><strong><em>ecclesiae</em></strong></span> <span class='ocrx_word' id='word_1_267' title='bbox 619 2571 718 2612; x_wconf 84' lang='lat' dir='ltr'><strong><em>inde</em></strong></span> <span class='ocrx_word' id='word_1_268' title='bbox 748 2569 799 2612; x_wconf 88' lang='lat' dir='ltr'><strong><em>ab</em></strong></span> <span class='ocrx_word' id='word_1_269' title='bbox 832 2574 966 2612; x_wconf 90' lang='lat' dir='ltr'><strong><em>aetate</em></strong></span> <span class='ocrx_word' id='word_1_270' title='bbox 995 2570 1313 2623; x_wconf 81' lang='lat' dir='ltr'><strong><em>reformationis</em></strong></span> <span class='ocrx_word' id='word_1_271' title='bbox 1344 2570 1573 2620; x_wconf 78' lang='lat' dir='ltr'><strong><em>(historiae</em></strong></span> <span class='ocrx_word' id='word_1_272' title='bbox 1603 2571 1912 2617; x_wconf 84' lang='lat' dir='ltr'><strong><em>ecclesiasticae</em></strong></span> <span class='ocrx_word' id='word_1_273' title='bbox 1937 2575 2105 2625; x_wconf 88' lang='lat' dir='ltr'><strong><em>partem</em></strong></span> <span class='ocrx_word' id='word_1_274' title='bbox 2135 2573 2319 2622; x_wconf 83' lang='lat' dir='ltr'><strong><em>tertiam)</em></strong></span> <span class='ocrx_word' id='word_1_275' title='bbox 2355 2572 2507 2615; x_wconf 85' lang='lat' dir='ltr'><strong><em>tradet</em></strong></span> 
     </span>
     <span class='ocr_line' id='line_1_26' title="bbox 125 2637 1103 2682; baseline 0 -3"><span class='ocrx_word' id='word_1_276' title='bbox 125 2637 168 2682; x_wconf 91' lang='lat' dir='ltr'><strong><em>d.</em></strong></span> <span class='ocrx_word' id='word_1_277' title='bbox 200 2637 312 2680; x_wconf 94' lang='lat' dir='ltr'><strong>Lun.</strong></span> <span class='ocrx_word' id='word_1_278' title='bbox 344 2638 475 2680; x_wconf 91' lang='lat' dir='ltr'><strong><em>Mart.</em></strong></span> <span class='ocrx_word' id='word_1_279' title='bbox 507 2638 645 2681; x_wconf 80' lang='lat' dir='ltr'><strong>Mero.</strong></span> <span class='ocrx_word' id='word_1_280' title='bbox 677 2639 770 2681; x_wconf 92' lang='lat' dir='ltr'><strong>Iov.</strong></span> <span class='ocrx_word' id='word_1_281' title='bbox 803 2637 917 2681; x_wconf 89' lang='lat' dir='ltr'><strong><em>Ven.</em></strong></span> <span class='ocrx_word' id='word_1_282' title='bbox 948 2637 992 2680; x_wconf 90' lang='lat' dir='ltr'><strong><em>h.</em></strong></span> <span class='ocrx_word' id='word_1_283' title='bbox 1024 2637 1103 2679; x_wconf 93' lang='lat' dir='ltr'><strong><em>XI.</em></strong></span> 
     </span>
    </p>

    <p class='ocr_par' dir='ltr' id='par_1_9' title="bbox 122 2705 2504 2957">
     <span class='ocr_line' id='line_1_27' title="bbox 326 2705 2503 2762; baseline 0.002 -14"><span class='ocrx_word' id='word_1_284' title='bbox 326 2705 698 2749; x_wconf 86' lang='lat' dir='ltr'><strong>RUDOLPHUS</strong></span> <span class='ocrx_word' id='word_1_285' title='bbox 730 2705 973 2762; x_wconf 82' lang='lat' dir='ltr'><strong>KITTEL,</strong></span> <span class='ocrx_word' id='word_1_286' title='bbox 1015 2706 1093 2750; x_wconf 92' lang='lat' dir='ltr'><strong><em>Dr.</em></strong></span> <span class='ocrx_word' id='word_1_287' title='bbox 1115 2705 1163 2749; x_wconf 93' lang='lat' dir='ltr'><strong><em>P.</em></strong></span> <span class='ocrx_word' id='word_1_288' title='bbox 1184 2706 1232 2750; x_wconf 91' lang='lat' dir='ltr'><strong><em>P.</em></strong></span> <span class='ocrx_word' id='word_1_289' title='bbox 1257 2706 1310 2750; x_wconf 93' lang='grc' dir='ltr'><strong>Ο.</strong></span> <span class='ocrx_word' id='word_1_290' title='bbox 1375 2706 1607 2748; x_wconf 88' lang='lat' dir='ltr'><strong><em>Publice</em></strong></span> <span class='ocrx_word' id='word_1_291' title='bbox 1637 2707 1671 2749; x_wconf 94' lang='grc' dir='ltr'><strong><em>Ι.</em></strong></span> <span class='ocrx_word' id='word_1_292' title='bbox 1703 2706 1960 2749; x_wconf 87' lang='lat' dir='ltr'><strong><em>Aramaicas</em></strong></span> <span class='ocrx_word' id='word_1_293' title='bbox 1982 2721 2090 2762; x_wconf 87' lang='lat' dir='ltr'><strong><em>quae</em></strong></span> <span class='ocrx_word' id='word_1_294' title='bbox 2119 2709 2173 2750; x_wconf 70' lang='lat' dir='ltr'><strong><em>in·</em></strong></span> <span class='ocrx_word' id='word_1_295' title='bbox 2193 2708 2336 2751; x_wconf 88' lang='lat' dir='ltr'><strong><em>Vetere</em></strong></span> <span class='ocrx_word' id='word_1_296' title='bbox 2360 2710 2503 2752; x_wconf 87' lang='lat' dir='ltr'><strong><em>Testa-</em></strong></span> 
     </span>
     <span class='ocr_line' id='line_1_28' title="bbox 124 2775 2504 2831; baseline 0.001 -13"><span class='ocrx_word' id='word_1_297' title='bbox 124 2781 262 2819; x_wconf 89' lang='lat' dir='ltr'><strong><em>mento</em></strong></span> <span class='ocrx_word' id='word_1_298' title='bbox 292 2777 440 2818; x_wconf 83' lang='lat' dir='ltr'><strong><em>insunt</em></strong></span> <span class='ocrx_word' id='word_1_299' title='bbox 461 2781 612 2831; x_wconf 88' lang='lat' dir='ltr'><strong><em>partes</em></strong></span> <span class='ocrx_word' id='word_1_300' title='bbox 642 2775 1011 2831; x_wconf 84' lang='lat' dir='ltr'><strong><em>interpretabitur</em></strong></span> <span class='ocrx_word' id='word_1_301' title='bbox 1050 2775 1092 2818; x_wconf 93' lang='lat' dir='ltr'><strong><em>d.</em></strong></span> <span class='ocrx_word' id='word_1_302' title='bbox 1125 2775 1219 2819; x_wconf 87' lang='lat' dir='ltr'><strong><em>Sat.</em></strong></span> <span class='ocrx_word' id='word_1_303' title='bbox 1252 2775 1294 2818; x_wconf 93' lang='lat' dir='ltr'><strong><em>h.</em></strong></span> <span class='ocrx_word' id='word_1_304' title='bbox 1326 2775 1404 2819; x_wconf 95' lang='lat' dir='ltr'><strong><em>XI.</em></strong></span> <span class='ocrx_word' id='word_1_305' title='bbox 1465 2775 1729 2817; x_wconf 90' lang='lat' dir='ltr'><strong><em>Privatim</em></strong></span> <span class='ocrx_word' id='word_1_306' title='bbox 1756 2776 1811 2818; x_wconf 90' lang='lat' dir='ltr'><strong><em>H.</em></strong></span> <span class='ocrx_word' id='word_1_307' title='bbox 1865 2776 2132 2831; x_wconf 76' lang='lat' dir='ltr'><strong><em>Theotoyiam</em></strong></span> <span class='ocrx_word' id='word_1_308' title='bbox 2168 2777 2328 2820; x_wconf 83' lang='lat' dir='ltr'><strong><em>Veteris</em></strong></span> <span class='ocrx_word' id='word_1_309' title='bbox 2362 2779 2504 2821; x_wconf 87' lang='lat' dir='ltr'><strong><em>Testa-</em></strong></span> 
     </span>
     <span class='ocr_line' id='line_1_29' title="bbox 122 2843 2501 2901; baseline 0.001 -15"><span class='ocrx_word' id='word_1_310' title='bbox 122 2846 250 2887; x_wconf 88' lang='lat' dir='ltr'><strong><em>menti</em></strong></span> <span class='ocrx_word' id='word_1_311' title='bbox 280 2844 464 2886; x_wconf 87' lang='lat' dir='ltr'><strong><em>docebit</em></strong></span> <span class='ocrx_word' id='word_1_312' title='bbox 495 2844 537 2888; x_wconf 91' lang='lat' dir='ltr'><strong><em>d.</em></strong></span> <span class='ocrx_word' id='word_1_313' title='bbox 569 2844 701 2887; x_wconf 90' lang='lat' dir='ltr'><strong><em>Mart.</em></strong></span> <span class='ocrx_word' id='word_1_314' title='bbox 731 2844 871 2887; x_wconf 85' lang='lat' dir='ltr'><strong><em>Mero.</em></strong></span> <span class='ocrx_word' id='word_1_315' title='bbox 904 2843 998 2887; x_wconf 87' lang='lat' dir='ltr'><strong>Iov.</strong></span> <span class='ocrx_word' id='word_1_316' title='bbox 1031 2843 1144 2887; x_wconf 87' lang='lat' dir='ltr'><strong><em>Ven.</em></strong></span> <span class='ocrx_word' id='word_1_317' title='bbox 1175 2844 1219 2888; x_wconf 89' lang='lat' dir='ltr'><strong><em>h.</em></strong></span> <span class='ocrx_word' id='word_1_318' title='bbox 1250 2843 1331 2888; x_wconf 91' lang='lat' dir='ltr'><strong><em>IX.</em></strong></span> <span class='ocrx_word' id='word_1_319' title='bbox 1390 2846 1467 2887; x_wconf 93' lang='lat' dir='ltr'><strong>III.</strong></span> <span class='ocrx_word' id='word_1_320' title='bbox 1513 2845 1680 2887; x_wconf 90' lang='lat' dir='ltr'><strong><em>Iesaiae</em></strong></span> <span class='ocrx_word' id='word_1_321' title='bbox 1711 2845 1863 2887; x_wconf 80' lang='lat' dir='ltr'><strong><em>tibrum</em></strong></span> <span class='ocrx_word' id='word_1_322' title='bbox 1908 2844 2291 2901; x_wconf 85' lang='lat' dir='ltr'><strong><em>interpretabitur·</em></strong></span> <span class='ocrx_word' id='word_1_323' title='bbox 2314 2845 2358 2889; x_wconf 90' lang='lat' dir='ltr'><strong><em>d.</em></strong></span> <span class='ocrx_word' id='word_1_324' title='bbox 2388 2846 2501 2891; x_wconf 89' lang='lat' dir='ltr'><strong>Lun.</strong></span> 
     </span>
     <span class='ocr_line' id='line_1_30' title="bbox 122 2912 861 2957; baseline 0.003 -3"><span class='ocrx_word' id='word_1_325' title='bbox 122 2912 254 2956; x_wconf 87' lang='lat' dir='ltr'><strong><em>Mart.</em></strong></span> <span class='ocrx_word' id='word_1_326' title='bbox 285 2912 424 2955; x_wconf 87' lang='lat' dir='ltr'><strong><em>Merc.</em></strong></span> <span class='ocrx_word' id='word_1_327' title='bbox 453 2913 548 2956; x_wconf 89' lang='lat' dir='ltr'><strong>Iov.</strong></span> <span class='ocrx_word' id='word_1_328' title='bbox 585 2913 695 2957; x_wconf 90' lang='lat' dir='ltr'><strong><em>Ven.</em></strong></span> <span class='ocrx_word' id='word_1_329' title='bbox 726 2912 770 2957; x_wconf 89' lang='lat' dir='ltr'><strong><em>h.</em></strong></span> <span class='ocrx_word' id='word_1_330' title='bbox 802 2912 861 2956; x_wconf 91' lang='lat' dir='ltr'><strong><em>X.</em></strong></span> 
     </span>
    </p>

    <p class='ocr_par' dir='ltr' id='par_1_10' title="bbox 123 2980 2503 3176">
     <span class='ocr_line' id='line_1_31' title="bbox 326 2980 2503 3036; baseline 0.001 -13"><span class='ocrx_word' id='word_1_331' title='bbox 326 2981 520 3025; x_wconf 93' lang='lat' dir='ltr'><strong>DAVID</strong></span> <span class='ocrx_word' id='word_1_332' title='bbox 562 2981 888 3034; x_wconf 84' lang='lat' dir='ltr'><strong>ERDMANN,</strong></span> <span class='ocrx_word' id='word_1_333' title='bbox 934 2981 1012 3024; x_wconf 90' lang='lat' dir='ltr'><strong><em>Dr.</em></strong></span> <span class='ocrx_word' id='word_1_334' title='bbox 1043 2980 1091 3023; x_wconf 89' lang='lat' dir='ltr'><strong><em>P.</em></strong></span> <span class='ocrx_word' id='word_1_335' title='bbox 1121 2981 1170 3024; x_wconf 94' lang='lat' dir='ltr'><strong><em>P.</em></strong></span> <span class='ocrx_word' id='word_1_336' title='bbox 1203 2980 1257 3024; x_wconf 93' lang='lat' dir='ltr'><strong><em>O.</em></strong></span> <span class='ocrx_word' id='word_1_337' title='bbox 1290 2981 1394 3024; x_wconf 90' lang='lat' dir='ltr'><strong>hon.</strong></span> <span class='ocrx_word' id='word_1_338' title='bbox 1456 2980 1690 3023; x_wconf 89' lang='lat' dir='ltr'><strong><em>Publice</em></strong></span> <span class='ocrx_word' id='word_1_339' title='bbox 1720 2982 1754 3024; x_wconf 93' lang='lat' dir='ltr'><strong><em>I.</em></strong></span> <span class='ocrx_word' id='word_1_340' title='bbox 1813 2982 2154 3025; x_wconf 71' lang='lat' dir='ltr'><strong><em>Emercitationes</em></strong></span> <span class='ocrx_word' id='word_1_341' title='bbox 2191 2985 2426 3036; x_wconf 63' lang='lat' dir='ltr'><strong><em>exegeticas</em></strong></span> <span class='ocrx_word' id='word_1_342' title='bbox 2464 2988 2503 3026; x_wconf 88' lang='lat' dir='ltr'><strong><em>et</em></strong></span> 
     </span>
     <span class='ocr_line' id='line_1_32' title="bbox 123 3047 2501 3106; baseline 0.001 -14"><span class='ocrx_word' id='word_1_343' title='bbox 123 3047 547 3105; x_wconf 73' lang='lat' dir='ltr'><strong><em>biblico-theotoyicas</em></strong></span> <span class='ocrx_word' id='word_1_344' title='bbox 577 3050 783 3092; x_wconf 83' lang='lat' dir='ltr'><strong><em>instituet</em></strong></span> <span class='ocrx_word' id='word_1_345' title='bbox 815 3051 1003 3105; x_wconf 89' lang='lat' dir='ltr'><strong><em>primam</em></strong></span> <span class='ocrx_word' id='word_1_346' title='bbox 1041 3051 1262 3105; x_wconf 77' lang='lat' dir='ltr'><strong><em>epistulam</em></strong></span> <span class='ocrx_word' id='word_1_347' title='bbox 1300 3052 1476 3094; x_wconf 88' lang='lat' dir='ltr'><strong><em>Ioannis</em></strong></span> <span class='ocrx_word' id='word_1_348' title='bbox 1517 3049 1824 3106; x_wconf 83' lang='lat' dir='ltr'><strong><em>explicaturus</em></strong></span> <span class='ocrx_word' id='word_1_349' title='bbox 1857 3049 1900 3093; x_wconf 90' lang='lat' dir='ltr'><strong><em>d.</em></strong></span> <span class='ocrx_word' id='word_1_350' title='bbox 1931 3049 2043 3094; x_wconf 91' lang='lat' dir='ltr'><strong>Lun.</strong></span> <span class='ocrx_word' id='word_1_351' title='bbox 2076 3050 2120 3093; x_wconf 93' lang='lat' dir='ltr'><strong><em>h.</em></strong></span> <span class='ocrx_word' id='word_1_352' title='bbox 2154 3050 2206 3094; x_wconf 92' lang='lat' dir='ltr'><strong><em>V.</em></strong></span> <span class='ocrx_word' id='word_1_353' title='bbox 2267 3050 2322 3093; x_wconf 93' lang='lat' dir='ltr'><strong><em>II.</em></strong></span> <span class='ocrx_word' id='word_1_354' title='bbox 2363 3052 2501 3094; x_wconf 86' lang='lat' dir='ltr'><strong><em>Intro·</em></strong></span> 
     </span>
     <span class='ocr_line' id='line_1_33' title="bbox 123 3117 1907 3176; baseline 0.001 -15"><span class='ocrx_word' id='word_1_355' title='bbox 123 3119 360 3162; x_wconf 87' lang='lat' dir='ltr'><strong><em>ductionem</em></strong></span> <span class='ocrx_word' id='word_1_356' title='bbox 388 3119 435 3161; x_wconf 92' lang='lat' dir='ltr'><strong><em>in</em></strong></span> <span class='ocrx_word' id='word_1_357' title='bbox 465 3119 595 3161; x_wconf 81' lang='lat' dir='ltr'><strong><em>libros</em></strong></span> <span class='ocrx_word' id='word_1_358' title='bbox 625 3119 873 3173; x_wconf 76' lang='lat' dir='ltr'><strong><em>symbolicos</em></strong></span> <span class='ocrx_word' id='word_1_359' title='bbox 903 3118 1243 3162; x_wconf 80' lang='lat' dir='ltr'><strong><em>Lutheranor-um</em></strong></span> <span class='ocrx_word' id='word_1_360' title='bbox 1272 3125 1503 3176; x_wconf 86' lang='lat' dir='ltr'><strong><em>proponet</em></strong></span> <span class='ocrx_word' id='word_1_361' title='bbox 1534 3118 1577 3163; x_wconf 90' lang='lat' dir='ltr'><strong><em>d.</em></strong></span> <span class='ocrx_word' id='word_1_362' title='bbox 1608 3118 1720 3162; x_wconf 90' lang='lat' dir='ltr'><strong>Lun.</strong></span> <span class='ocrx_word' id='word_1_363' title='bbox 1752 3118 1795 3163; x_wconf 95' lang='lat' dir='ltr'><strong><em>h.</em></strong></span> <span class='ocrx_word' id='word_1_364' title='bbox 1827 3117 1907 3162; x_wconf 90' lang='lat' dir='ltr'><strong><em>VI.</em></strong></span> 
     </span>
    </p>

    <p class='ocr_par' dir='ltr' id='par_1_11' title="bbox 2207 3201 2228 3236">
     <span class='ocr_line' id='line_1_34' title="bbox 2207 3201 2228 3236; baseline 0 0"><span class='ocrx_word' id='word_1_365' title='bbox 2207 3201 2228 3236; x_wconf 88' lang='lat'>6</span> 
     </span>
    </p>
   </div>
  </div>
 </body>
</html>
