2878 3580
1476 311 1628 375 ...433

420 451 459 492 X
494 455 537 492 et
571 450 646 493 XI.
707 448 969 490 Privatim
1018 448 1072 491 11.
1146 450 1530 503 Encyclopaediam
1575 454 1613 491 et
1656 450 2004 503 methodoloyiam
2042 450 2297 503 philoloyiae
2340 462 2434 491 cum
2478 448 2786 502 biblioyraphia

416 520 563 561 critica
594 519 859 561 coniunctam
890 516 1038 558 tradet
1070 516 1113 558 d.
1144 516 1256 558 Lun.
1288 516 1419 560 Mart.
1450 518 1544 558 Iov.
1577 516 1691 560 Ven.
1724 516 1766 560 h.
1803 516 1882 559 XI.
1951 516 2026 559 111.
2076 517 2292 561 Oiceronis
2324 530 2407 571 pro
2439 517 2488 558 P.
2519 515 2657 559 Sestio
2687 529 2783 558 ora-

416 588 570 630 tionem
599 585 965 641 interpretabitur
994 583 1150 626 iisdem
1185 584 1344 627 diebus
1376 584 1421 629 h.
1453 585 1553 629 XII.

617 669 887 713 IOANNES
928 669 1344 713 GODOFREDUS
1382 669 1601 719 GALLE,
1642 669 1720 712 Dr.
1759 668 1806 712 P.
1847 668 1892 712 Ι).
1935 667 1989 712 Ο.
2051 668 2282 711 Publice
2330 670 2359 714 1.
2425 670 2784 725 Computationem

414 740 645 782 orbitarum
675 753 701 781 a
731 739 925 781 meteoris
957 740 1150 782 cosmicis
1182 740 1493 794 descriptarum
1524 737 1754 780 exhibebit
1786 736 1827 780 d.
1850 735 1962 780 Ven.
1996 742 2040 778 et
2071 736 2164 779 Sat.
2205 737 2247 781 h.
2287 737 2365 781 IX.
2428 737 2690 779 Privatim
2721 737 2776 781 11.

416 810 478 851 De
508 808 766 862 lonyitudine
798 812 835 849 et
865 807 1085 850 latitudine
1113 808 1398 863 yeoyraphica
1428 807 1749 851 determinanda
1779 805 1973 848 disseret
2002 804 2046 848 d.
2077 804 2188 848 Lun.
2220 805 2351 850 Mart.
2382 806 2477 849 Iov.
2508 806 2552 850 h.
2581 805 2662 849 IX.

617 891 940 935 AUGUSTUS
973 891 1308 948 ROSSBACH,
1342 893 1416 935 Dr.
1441 893 1487 937 P.
1509 893 1556 936 P.
1580 892 1634 936 O.
1694 891 1927 934 Publice
1960 891 1991 935 I.
2038 890 2270 935 Seminarii
2293 892 2539 948 philoloyici
2566 891 2784 935 sodalibus

413 962 647 1003 ordinariis
678 961 874 1015 Aeschyli
907 960 1175 1017 Choephoros
1205 963 1486 1005 illustrandas
1525 966 1751 1018 proponet
1789 962 2055 1016 scriptasque
2093 960 2303 1003 sodalium
2341 959 2784 1003 commentatiunculas

413 1029 666 1070 recensebit
699 1029 740 1073 d.
782 1029 893 1073 Lun.
937 1034 980 1071 et
1017 1029 1112 1074 Iov.
1144 1029 1188 1071 h.
1219 1029 1297 1073 IX.
1357 1029 1411 1072 II.
1471 1031 1810 1073 Eoeercitationes
1857 1029 2199 1082 archaeoloyicas
2243 1026 2551 1070 moderabitur
2594 1028 2664 1070 bis
2696 1041 2777 1084 per

414 1097 549 1140 hebd.
581 1096 626 1140 h.
659 1096 744 1139 def.
806 1097 1066 1140 Privatim
1098 1098 1174 1141 III.
1224 1098 1370 1140 Artem
1406 1100 1624 1141 metricam
1656 1103 1883 1153 poetarum
1924 1097 2186 1140 Graecorum
2217 1095 2402 1139 docebit
2432 1096 2476 1140 d.
2505 1096 2618 1140 Lun.
2649 1096 2784 1140 Mart.

411 1166 504 1208 Iov.
537 1165 652 1209 Ven.
685 1166 777 1208 Sat.
810 1165 853 1209 h.
889 1165 1007 1208 VIII.
1068 1165 1147 1208 IV.
1180 1167 1418 1208 Historiam
1455 1168 1612 1209 artium
1654 1166 1916 1209 Graecarum
1950 1164 2100 1208 tradet
2139 1164 2181 1208 d.
2212 1164 2345 1207 Mart.
2376 1164 2422 1209 h.
2456 1164 2534 1214 IX,
2567 1164 2610 1207 d.
2642 1164 2781 1206 Merc.

412 1233 455 1276 h.
481 1234 588 1276 VIII
619 1238 662 1276 et
690 1234 768 1289 IX,
802 1233 844 1277 d.
878 1233 970 1278 Sat.
1001 1234 1044 1276 h.
1076 1235 1152 1277 IX.
2677 1229 2683 1234 ”

615 1314 921 1357 HENRICUS
953 1314 1286 1358 EDUARDUS
1319 1313 1703 1362 SCHROETER,
1736 1313 1814 1356 Dr.
1844 1313 1893 1357 P.
1923 1313 1972 1357 P.
2005 1312 2059 1357 O.
2119 1312 2349 1355 Publice
2380 1312 2412 1357 Ι.
2443 1314 2783 1356 Emer-citationes

410 1383 725 1426 mathematicas
771 1385 816 1426 in
861 1385 1091 1426 seminario
1128 1385 1244 1438 reyio
1274 1383 1767 1437 mathematico-physico
1806 1381 2113 1425 moderabitur
2157 1382 2296 1423 semel
2334 1395 2414 1438 per
2451 1380 2588 1425 hebd.
2618 1381 2663 1425 h.
2694 1381 2784 1425 def.

409 1450 671 1492 Privatim
703 1451 757 1493 II.
817 1453 882 1494 De
912 1452 1187 1506 inteyralibus
1219 1453 1402 1507 definitis
1434 1451 1627 1493 disseret
1657 1450 1699 1494 d.
1731 1451 1842 1495 Lun.
1876 1456 1919 1493 et
1946 1450 2041 1495 Iov,
2067 1450 2113 1494 h.
2141 1450 2198 1493 X.
2259 1450 2336 1494 III.
2366 1450 2585 1493 Elementa
2613 1451 2783 1493 statices

411 1518 559 1561 tradet
591 1518 632 1563 d.
664 1519 796 1563 Mart.
830 1525 874 1562 et
908 1520 1018 1563 Ven.
1049 1519 1093 1561 h.
1124 1521 1180 1562 X.

615 1604 890 1648 OSCARUS
923 1605 1212 1648 AEMILIUS
1243 1606 1477 1656 MEYER,
1512 1606 1589 1650 Dr.
1611 1607 1658 1650 P.
1681 1606 1728 1650 P.
1752 1606 1806 1650 O.
1857 1606 2084 1648 Publice
2104 1606 2138 1649 I.
2185 1598 2416 1649 Seminarii
2431 1604 2782 1660 physico-mathe-

412 1675 556 1716 matici
600 1675 921 1717 eoeercitationes
965 1673 1272 1718 moderabitur
1317 1675 1455 1716 semel
1494 1689 1575 1731 per
1612 1674 1748 1718 hebd.
1794 1674 1838 1716 h.
1887 1674 1972 1718 def.
2039 1673 2304 1716 Privatim
2348 1673 2404 1717 11.
2463 1673 2672 1727 Physicen
2708 1685 2782 1714 εω-

407 1743 723 1797 perimentalem
763 1742 946 1784 docebit
986 1742 1190 1799 quotidie
1227 1743 1271 1787 11.
1307 1743 1364 1787 V.
1424 1743 1811 1786 Privatissime
1849 1743 1925 1786 III.
1983 1743 2034 1785 In
2079 1742 2336 1785 laboratorio
2376 1742 2553 1798 physico
2599 1753 2782 1796 operam

412 1810 582 1853 daturis
615 1809 760 1852 aderit
788 1825 879 1852 una
910 1825 1010 1852 cum
1042 1811 1230 1869 collegis
1260 1812 1310 1856 L.
1342 1811 1515 1854 Weber
1546 1818 1590 1854 et
1620 1811 1667 1855 F.
1700 1810 1942 1854 Auerbach
1974 1811 2016 1855 d.
2047 1810 2186 1855 Mero.
2218 1815 2263 1852 et
2293 1810 2387 1854 Sat.
2417 1809 2462 1851 h.
2494 1808 2630 1852 x—I.

612 1895 994 1939 THEODORUS
1025 1897 1281 1948 POLECK,
1314 1897 1392 1942 Dr.
1427 1898 1476 1942 P.
1511 1898 1560 1942 P.
1599 1897 1652 1940 O.
1720 1897 1949 1940 Publice
1984 1897 2018 1940 I.
2081 1897 2340 1952 Colloquium
2379 1895 2780 1950 chemico-pharma·

410 1966 611 2008 ceuticum
627 1964 831 2006 instituet
848 1965 988 2007 semel
1006 1980 1085 2021 per
1101 1965 1236 2010 hebd.
1254 1966 1298 2010 h.
1317 1966 1404 2010 def.
1463 1966 1727 2009 Privatim
1748 1967 1802 2009 H.
1839 1966 2051 2009 Chemiam
2070 1967 2314 2018 organicam
2330 1966 2495 2007 ratione
2504 1964 2783 2019 pharmaciae

402 2034 635 2088 praecipue
674 2033 816 2075 habita
855 2033 1003 2076 tradet
1042 2039 1086 2077 et
1123 2035 1437 2091 experimentis
1476 2035 1720 2077 illustrabit
1759 2034 1963 2091 quotidie
2001 2034 2045 2076 h.
2079 2033 2156 2077 IX.
2214 2033 2291 2077 III.
2349 2033 2783 2087 Phar-macoynosiam

407 2101 556 2143 tradet
587 2101 629 2144 d.
662 2101 793 2145 Mart.
826 2107 870 2144 et
902 2102 1016 2146 Ven.
1049 2102 1092 2147 h.
1122 2103 1200 2146 XI.
1260 2103 1339 2146 IV.
1390 2106 1456 2146 De
1492 2105 1697 2146 methodis
1737 2105 1959 2158 analyticis
1998 2104 2056 2146 ad
2090 2104 2337 2146 nutrimenti
2366 2107 2404 2145 et
2434 2116 2570 2157 aquae
2599 2106 2639 2144 et
2667 2102 2781 2143 aeris

410 2171 594 2213 indolem
615 2173 976 2225 perscrutandam
1006 2173 1171 2215 idoneis
1203 2178 1307 2230 aget
1338 2172 1381 2216 d.
1412 2173 1523 2215 Lun.
1557 2178 1602 2214 et
1630 2174 1725 2216 Iov.
1763 2173 1805 2216 h.
1837 2172 1916 2214 XI.
1979 2171 2034 2215 V.
2070 2172 2124 2214 In
2153 2171 2411 2214 laboratorio
2441 2172 2622 2213 instituti
2644 2170 2780 2224 phar-

408 2240 629 2282 maceutici
650 2240 972 2283 ewercitationes
994 2241 1200 2283 chemicas
1214 2243 1449 2296 praecipue
1470 2243 1526 2284 ad
1539 2240 2075 2298 pharmaciam,}chemiam
2093 2242 2328 2294 sorensem,
2349 2240 2554 2294 hyyienen
2565 2238 2781 2294 publicam

408 2311 644 2362 spectantes
675 2307 983 2350 moderabitur
1013 2308 1055 2352 d.
1087 2308 1199 2353 Lun.
1230 2309 1362 2353 Mart.
1393 2309 1531 2354 Merc.
1564 2310 1658 2353 Iov.
1690 2311 1800 2353 Ven.
1831 2309 1938 2351 inde
1969 2309 2024 2351 ab
2055 2309 2100 2352 h.
2130 2309 2193 2351 IX
2221 2322 2369 2365 usque
2400 2307 2459 2350 ad
2489 2307 2534 2350 h.
2567 2307 2620 2348 V.

608 2393 923 2437 ANTONIUS
957 2394 1324 2444 SCHNEIDER,
1356 2396 1434 2439 Dr.
1465 2396 1514 2439 P.
1535 2396 1584 2439 P.
1610 2395 1663 2439 Ο.
1723 2395 1956 2437 Publice
1986 2395 2019 2437 I.
2050 2397 2103 2438 In
2132 2396 2322 2438 instituto
2351 2394 2567 2448 zooloyico
2597 2406 2778 2449 operam

408 2461 581 2503 daturis
622 2461 778 2504 aderit.
838 2462 1100 2506 Privatim
1132 2464 1188 2508 II.
1256 2466 1497 2517 Zooloyiam
1543 2466 1791 2507 animalium
1834 2465 2166 2507 vertebratorum
2203 2462 2386 2504 docebit
2423 2461 2466 2505 d.
2503 2461 2617 2503 Lun.
2648 2461 2779 2503 Mart.

407 2530 546 2574 Merc.
577 2531 672 2573 Iov.
703 2529 818 2574 Ven.
849 2531 893 2574 h.
918 2531 974 2576 X.
1033 2532 1421 2575 Privatissime
1459 2537 1511 2574 et
1549 2533 1727 2589 gratis
1758 2533 1834 2575 III.
1884 2532 2101 2588 Colloquia
2130 2532 2347 2586 zooloyica
2376 2529 2563 2572 habebit
2591 2529 2635 2573 d.
2665 2529 2779 2573 Lun.

406 2598 450 2642 h.
484 2599 548 2641 VI
569 2603 614 2641 et
636 2599 734 2643 VII.

614 2667 962 2712 GUILELMUS
1010 2669 1418 2724 STUDEMUND,
1463 2670 1542 2714 Dr.
1580 2670 1628 2714 P.
1667 2670 1715 2713 P.
1757 2670 1810 2712 Ο.
1885 2668 2117 2711 Publice
2158 2669 2191 2710 I.
2267 2667 2499 2710 Seminarii
2534 2667 2781 2722 philoloyici

408 2736 624 2778 sodalibus
664 2739 899 2780 ordinariis
944 2739 1237 2782 Anacreontea
1280 2740 1600 2794 interpretanda
1630 2744 1857 2795 proponet
1895 2744 1939 2781 et
1976 2739 2160 2794 reliquas
2199 2737 2422 2780 seminarii
2458 2736 2780 2778 exercitationes

407 2803 713 2846 moderabitur
752 2804 793 2847 d.
827 2805 921 2848 Sat.
952 2806 995 2850 h.
1036 2806 1081 2848 X
1106 2813 1149 2849 et
1170 2806 1247 2851 XI.
1326 2807 1589 2850 Privatim
1642 2810 1695 2851 ΙΙ.
1749 2809 1927 2851 Priscae
1970 2807 2215 2850 Latinitatis
2259 2806 2459 2848 elementa
2506 2802 2690 2846 docebit
2734 2809 2780 2846 et

408 2873 551 2915 Plauti
582 2872 770 2916 Stichum
800 2875 1167 2931 interpretabitur
1198 2876 1240 2919 d.
1271 2876 1383 2920 Lun.
1413 2876 1545 2919 Mart.
1576 2878 1670 2919 Iov.
1697 2876 1811 2920 Ven.
1841 2876 1886 2919 h.
1917 2877 1973 2920 X.

609 2957 943 3003 EDUARDUS
974 2960 1244 3012 MAGNUS,
1276 2961 1354 3006 Dr.
1383 2962 1432 3006 P.
1460 2962 1509 3006 P.
1541 2962 1594 3006 O.
1662 2961 1935 3005 Valetudine
1963 2960 2207 3018 impeditus
2237 2958 2420 3002 scholas
2455 2973 2547 3001 non
2581 2957 2778 3001 habebit.

608 3043 1043 3089 FERDINANDUS
1078 3046 1260 3096 COHN‚
1293 3047 1372 3091 Dr.
1407 3047 1456 3091 P.
1491 3047 1542 3091 P.
1579 3047 1632 3090 O.
1692 3048 1924 3091 Publice
1958 3048 1992 3090 Ι.
2042 3047 2304 3103 Colloquium
2332 3047 2384 3088 de
2412 3045 2539 3088 rebus
2570 3045 2777 3088 botanicis

406 3111 612 3154 instituet
656 3113 793 3154 semel
835 3128 917 3169 per
960 3114 1095 3157 hebd.
1141 3115 1185 3159 h.
1233 3114 1320 3159 def.
1399 3115 1665 3158 Privatim
1706 3117 1759 3160 II.
1817 3117 2086 3160 Anatomiam
2126 3121 2165 3157 et
2195 3115 2504 3171 physioloyiam
2529 3114 2777 3169 plantarum

409 3179 595 3222 docebit
632 3186 791 3236 quater
828 3196 909 3237 per
947 3182 1084 3227 hebd.
1122 3183 1167 3227 h.
1208 3183 1295 3225 def.
1362 3183 1439 3227 III.
1489 3184 1670 3227 Cursum
1707 3186 2055 3239 microscopicum
2091 3182 2314 3226 tironibus
2345 3181 2476 3226 offert
2506 3187 2666 3239 quater
2695 3195 2777 3238 per

407 3247 543 3293 hebd.
574 3247 618 3293 h.
652 3248 740 3293 def.
800 3249 1186 3294 Privatissime
1215 3251 1295 3295 IV.
1354 3252 1407 3294 In
1434 3254 1624 3296 instituto
1648 3254 2063 3309 phytophysioloyieo
2093 3265 2277 3309 operam
2307 3251 2481 3294 daturis
2510 3250 2668 3294 aderit.
