2878 3580
1273 174 1326 236 37

23 309 31 357 ζ
110 305 174 361 (111
204 307 304 358 fine,
337 309 384 349 ut
413 307 600 358 videtur,
632 309 900 364 mutilatum)
924 310 1380 365 comprehendebant,
1412 313 1594 366 quartus
1616 311 1673 354 ad
1695 312 1919 366 posterius
1947 312 2213 366 florilegium
2244 310 2308 366 (in
2340 310 2483 362 initio,

109 376 157 417 ut
187 374 373 427 videtur,
405 375 675 431 mutilatum)
706 377 972 431 pertinebat.
1035 379 1245 433 Singulae
1276 378 1467 434 paginae
1489 379 1719 434 utriusque
1748 380 1951 434 florilegii
1983 393 2119 424 senos
2153 380 2295 422 denos
2327 392 2483 421 versus

20 430 26 481 ’Ῐ
111 442 202 485 51νο
234 445 398 486 octona
429 443 623 487 disticha
654 444 902 499 capiebant.
964 446 1050 490 Fac
1080 447 1274 501 primum
1304 448 1437 503 primi
1469 448 1699 503 quinionis
1721 448 1875 491 sollum
1904 461 2090 493 vacuum
2124 447 2261 491 fuisse
2293 447 2350 490 ad
2381 446 2482 489 libri

108 510 284 554 titulum
324 512 673 566 capessendum:
714 526 770 556 en
808 514 948 557 habes
989 514 1034 557 in
1070 515 1216 570 primo
1256 516 1466 570 quinione
1506 516 2051 568 CCLXXXVIll,versuS,
2092 516 2137 558 in
2175 516 2316 559 altero
2349 514 2481 558 tertio

36 591 37 595 ¹
108 581 266 634 quarto
298 579 588 635 quinionibus
620 584 826 625 trecenos
857 582 1040 626 vicenos
1072 597 1243 627 versus.
1306 585 1421 639 Ergo
1444 587 1654 639 quattuor
1676 584 1737 627 illi
1761 584 1961 628 fasciculi
1988 584 2174 628 omnino
2195 583 2483 627 MCCXLVIII

110 660 264 690 versus
319 649 553 692 commode
616 650 876 704 capiebant:
934 664 989 695 ex
1048 652 1209 707 quibus
1261 652 1627 695 DCCCCXXVIII
1687 666 1844 696 versus
1901 653 1959 697 ad
2027 652 2291 707 florilegium
2344 651 2483 706 prius,

107 714 300 759 CCCXX
340 730 497 760 versus
545 718 602 760 ad
648 719 874 773 posterius
919 719 1219 774 pertinebant.
1302 721 1393 763 Iam
1440 734 1539 764 cum
1586 723 1764 775 praeter
1810 721 2058 776 MCCXX1)
2097 734 2274 772 versus,
2321 720 2482 775 quibus

105 783 219 826 liber
258 785 653 839 Theognideorum
693 785 730 829 α’
770 787 815 830 111
855 787 1052 831 editione
1092 788 1342 843 Bergkiana
1382 792 1573 841 constat,
1612 789 1789 832 codices
1829 803 1964 834 manu
2002 789 2157 843 scripti
2187 789 2372 843 triginta
2404 801 2483 830 sex

23 849 31 918 J
105 865 259 895 versus
299 854 494 906 tradant,
533 855 621 909 qui,
661 855 765 910 quia
804 856 980 910 repetiti
1019 857 1238 910 leguntur,
1277 858 1334 900 ab
1374 858 1621 901 editoribus
1661 858 1777 913 typis
1809 870 1903 901 non
1934 858 2258 912 exprimuntur,
2291 869 2483 899 consen-

27 964 29 970 ,
104 923 286 964 taneum
317 924 386 965 est
417 922 504 966 duo
537 923 613 967 illa
641 924 858 979 florilegia
889 927 990 968 octo
1020 925 1225 968 versibus
1258 925 1350 968 sive
1382 928 1592 981 quattuor
1628 926 1834 970 distichis
1865 926 2080 978 caruisse,
2121 939 2233 981 quae
2260 925 2396 967 hodie
2437 925 2482 967 in

35 999 37 1001 ’
105 989 333 1032 codicibus
375 990 488 1034 falso
529 994 695 1035 extent.
763 992 811 1035 In
852 993 923 1036 his
965 995 1176 1048 quattuor
1216 994 1419 1038 distichis
1458 995 1597 1038 fuisse
1636 1008 1794 1038 versus
1834 995 1932 1038 209.
1963 995 2049 1038 210
2085 993 2223 1050 (quod
2254 993 2482 1037 distichon

34 1059 35 1110 j
103 1058 265 1101 iterum
300 1059 492 1102 traditur
521 1063 626 1114 post
656 1074 834 1104 versum
865 1061 980 1117 332),
1011 1063 1108 1105 211.
1140 1063 1223 1105 212
1255 1062 1397 1118 (cuius
1430 1063 1611 1107 distichi
1642 1063 1787 1107 forma
1817 1077 1891 1116 ea,
1929 1076 2042 1119 quae
2075 1062 2280 1117 florilegii
2310 1061 2483 1105 auctori

18 1139 34 1183 ῃ,
101 1126 343 1180 placuerat,
377 1130 528 1175 extare
558 1128 734 1172 videtur
764 1130 860 1172 509.
892 1129 1007 1185 510),
1039 1131 1136 1173 643.
1168 1131 1253 1173 644
1284 1130 1426 1187 (cuius
1448 1132 1630 1175 distichi
1660 1132 1805 1177 forma
1836 1145 1902 1184 ea,
1934 1146 2047 1187 quae
2075 1131 2281 1186 florilegii
2310 1131 2483 1173 auctori

17 1199 26 1211 ⁸
103 1195 346 1249 placuerat,
379 1198 531 1238 extare
561 1197 736 1240 videtur
770 1198 862 1240 115.
898 1198 1009 1254 116),
1046 1198 1236 1242 116022-12
1269 1199 1407 1255 (quod
1436 1200 1664 1243 distichon
1695 1200 1856 1255 legitur
1894 1201 2030 1244 etiam
2074 1200 2197 1244 1095.
2232 1198 2359 1254 1096)
2388 1198 2483 1241 veri

19 1268 22 1274 '
102 1276 195 1306 non
227 1266 296 1307 est
327 1264 559 1308 dissimile.

307 1343 479 1395 Quodsi
510 1344 780 1388 incisionem
810 1349 915 1400 post
944 1360 1125 1390 versum
1155 1348 1238 1391 932
1278 1348 1532 1391 faciendam
1571 1363 1672 1392 esse
1709 1349 1957 1392 conieceris
1987 1373 2045 1380 —
2074 1362 2208 1404 quam
2245 1348 2481 1390 incisionis

107 1412 260 1455 sedem
291 1412 445 1455 nescio
477 1425 536 1456 an
565 1426 658 1456 non
690 1414 884 1457 defuturi
916 1415 1019 1467 sint,
1053 1416 1126 1471 qui
1148 1416 1210 1459 ita
1232 1417 1496 1460 confirmare
1530 1431 1578 1460 se
1607 1431 1744 1472 posse
1776 1418 2030 1472 opinentur,
2062 1420 2111 1461 ut
2139 1417 2347 1472 proxima
2379 1417 2483 1459 inde

101 1495 128 1523 a
156 1494 291 1523 versu
320 1481 402 1523 933
445 1481 638 1525 disticha
674 1483 887 1538 pleraque
928 1484 1081 1527 omnia
1121 1498 1214 1527 non
1251 1487 1306 1528 ab
1347 1485 1446 1540 ipso
1487 1486 1751 1540 Theognide
1791 1486 2041 1541 composita
2070 1486 2212 1528 videri
2244 1485 2396 1528 dicant
2426 1510 2482 1515 —

34 1593 36 1598 ,
102 1550 187 1592 hac
219 1550 311 1592 fere
341 1550 494 1593 tabula
524 1551 848 1606 quadripertita
879 1553 985 1607 quid
1016 1553 1062 1595 in
1095 1554 1281 1608 singulis
1314 1556 1524 1608 quattuor
1545 1555 1860 1597 fasciculorum
1888 1555 2065 1610 paginis
2088 1554 2304 1609 scriptum
2334 1553 2481 1605 fuerit,

18 1654 33 1678 »r
105 1618 353 1672 intellegaS‚
395 1631 482 1673 quo
520 1621 725 1674 tempore
763 1623 856 1663 tres
894 1621 1029 1675 primi
1068 1621 1268 1664 fasciculi
1306 1622 1363 1664 ad
1400 1622 1524 1676 prius
1563 1623 1828 1678 florilegium
1865 1623 2145 1678 pertinentes
2184 1635 2285 1665 cum
2323 1624 2482 1676 quarto

37 1711 39 1714 -
104 1686 316 1729 fasciculo
348 1687 406 1729 ad
435 1688 659 1741 posterius
690 1689 957 1743 florilegium
987 1690 1242 1744 pertinente
1272 1691 1403 1734 foede
1433 1691 1480 1733 in
1510 1705 1649 1734 unum
1688 1704 1851 1747 corpus
1892 1692 2035 1735 coacti
2071 1691 2279 1735 videntur
2310 1704 2412 1734 esse
2427 1689 2482 1746 ⁵³):

306 1893 333 1938 ¹)
359 1893 443 1929 Non
469 1893 568 1929 enim
593 1894 757 1929 subtraxi
783 1895 876 1929 duos
901 1905 1031 1930 versus
1059 1896 1147 1930 1157
1174 1899 1210 1932 et
1237 1897 1337 1938 1158,
1364 1898 1427 1943 qui
1453 1909 1535 1933 cum
1560 1898 1598 1933 in
1631 1899 1820 1934 codicibus
1845 1899 2172 1944 Theognideorum
2202 1910 2315 1934 manu
2339 1899 2484 1944 scriptis

37 1947 39 1950 ’
102 1961 178 1986 11011
203 1954 338 1993 extent,
364 1962 409 1986 ex
427 1951 588 1988 Stobaeo
605 1955 683 1988 tam
699 1953 910 1988 necessario
936 1953 1165 1998 supplentur,
1180 1957 1220 1989 ut
1236 1954 1274 1989 in
1291 1955 1470 2000 florilegio
1489 1956 1693 2001 posteriore
1712 1957 1802 1992 olim
1819 1967 1883 1992 eos
1900 1957 2056 1992 infuisse
2071 1957 2149 1992 veri
2174 1957 2222 1992 sit
2246 1956 2483 1991 simillimum.

306 2015 336 2060 ²)
364 2015 493 2051 Obiter
516 2027 652 2052 moneo
678 2017 724 2052 de
749 2017 1075 2061 Theognideorum
1099 2017 1183 2052 libri
1201 2018 1233 2052 α’
1252 2019 1393 2063 origine
1410 2019 1504 2054 nihil
1522 2020 1610 2055 certi
1636 2020 1727 2056 disci
1751 2032 1863 2067 posse
1889 2032 1934 2056 ex
1956 2021 2136 2057 memoria
2159 2020 2485 2065 Theognideorum

22 2067 33 2109 ³.
104 2073 201 2118 apud
226 2073 440 2108 IOANNEM
465 2074 722 2110 STOBAEUM
746 2077 901 2116 servata,
929 2086 1011 2110 cum
1035 2076 1251 2120 praesertim
1274 2076 1306 2111 is
1331 2088 1407 2112 non
1432 2078 1566 2119 omnia,
1592 2089 1688 2123 quae
1713 2081 1988 2121 commemorat,
2012 2079 2220 2124 fragmenta
2243 2078 2486 2123 Theognidea

38 2122 61 2137 ”
104 2141 149 2166 ex
173 2131 300 2166 codice
326 2131 452 2177 aliquo
479 2132 805 2177 Theognideorum
829 2132 909 2178 ipse
940 2133 1116 2175 hauserit,
1149 2135 1216 2169 sed
1248 2134 1392 2179 aliquot
1416 2135 1622 2180 fragmenta
1654 2147 1698 2171 ex
1728 2137 1990 2172 vetustioribus
2029 2136 2255 2181 anthologiis
2289 2137 2482 2182 depromp-

31 2198 34 2204 ’
103 2188 201 2224 serit.
249 2189 422 2224 Attamen
454 2190 531 2225 veri
563 2190 683 2225 simile
717 2193 774 2225 est
804 2190 879 2225 iam
911 2201 1005 2232 eum,
1039 2202 1112 2236 quo
1142 2192 1303 2227 Ioannes
1337 2192 1519 2228 Stobaeus
1543 2193 1726 2235 utebatur,
1753 2194 1918 2229 codicem
1943 2194 2270 2239 Theognideorum
2293 2194 2332 2228 in
2358 2205 2485 2229 eorum

36 2279 39 2282 Α
104 2257 256 2282 numero
282 2247 408 2290 fuisse,
435 2259 529 2293 quos
554 2248 652 2283 infra
677 2249 943 2284 demonstrabo
970 2260 1015 2284 ex
1039 2249 1134 2284 libro
1161 2251 1360 2295 archetypo
1377 2250 1442 2286 illo
1460 2251 1645 2287 derivatos
1671 2262 1765 2293 esse,
1792 2262 1903 2296 quem
1928 2263 1974 2290 ex
1997 2252 2114 2288 tribus
2139 2252 2326 2288 fasciculis
2352 2253 2484 2297 prioris

103 2305 273 2350 florilegii
300 2309 337 2341 et
359 2317 435 2342 uno
460 2306 639 2342 fasciculo
664 2307 880 2351 posterioris
905 2307 1075 2352 florilegii
1109 2310 1302 2344 consutum
1335 2319 1418 2343 esse
1441 2308 1534 2344 mihi
1557 2320 1776 2354 persuasum
1801 2313 1868 2346 est.
1893 2330 1938 2335 —
1963 2310 2100 2346 Versus
2127 2311 2228 2347 1221.
2255 2310 2357 2353 1222,
2384 2311 2484 2347 1223.

106 2363 206 2406 1224,
239 2362 340 2400 1225.
375 2364 464 2399 1226
494 2367 616 2400 utrum
646 2375 691 2399 ex
722 2365 841 2410 quinti
872 2365 1026 2401 alicuius
1057 2365 1224 2401 fasciculi
1255 2366 1437 2410 particula
1467 2367 1696 2412 (posterioris
1733 2367 1903 2412 florilegii
1934 2368 2072 2404 exitum
2103 2368 2340 2414 complexa‘?)
2372 2369 2486 2405 hodie

104 2422 296 2467 deperdita
321 2432 368 2457 an
394 2422 542 2457 aliunde
567 2423 711 2458 noverit
734 2423 893 2458 Ioannes
920 2423 1114 2465 Stobaeus,
1139 2434 1215 2459 non
1238 2423 1366 2468 liquet.

307 2480 463 2517 Carolus
477 2480 646 2522 Galland,
665 2481 753 2516 dum
770 2491 868 2516 anno
889 2481 978 2516 1883
995 2481 1034 2516 in
1045 2471 1225 2526 Hispania
1241 2485 1411 2517 versatur
1426 2483 1473 2518 ad
1492 2483 1639 2519 codices
1657 2483 1979 2528 grammaticorum
1993 2484 2216 2520 Graecorum
2234 2484 2485 2532 excutiendos,

104 2548 126 2572 a
149 2547 209 2573 me
233 2540 385 2582 rogatus
411 2537 548 2572 codicis
573 2537 840 2573 Escorialensis
864 2540 891 2573 Σ
916 2539 981 2574 VH
1000 2538 1044 2574 14
1059 2539 1334 2574 membranacei
1359 2540 1499 2575 saeculi
1523 2541 1719 2577 XII—XIII
1736 2543 1772 2578 et
1789 2541 2008 2577 nitidissime
2025 2542 2151 2587 scripti
2169 2544 2205 2576 et
2221 2543 2270 2578 ad
2285 2542 2486 2587 legendum

35 2622 38 2623 ν
106 2594 272 2631 facillimi
296 2595 474 2631 lectiones
501 2606 629 2630 omnes
655 2595 820 2631 enotavit
844 2597 890 2632 ad
917 2606 961 2632 ea
985 2597 1193 2642 fragmenta
1216 2592 1468 2642 Theognidea,
1495 2609 1591 2643 quae
1616 2599 1654 2634 in
1678 2599 1828 2634 Ioannis
1852 2599 2004 2635 Stobaei
2023 2596 2233 2644 ‘florilegio'
2261 2599 2314 2637 ita
2338 2602 2486 2636 servata

107 2655 202 2694 sunt,
227 2655 268 2687 ut
292 2652 362 2698 ipsi
387 2653 595 2698 Theognidi
622 2653 878 2690 attribuantur.
925 2654 1003 2689 Has
1037 2654 1289 2700 discrepantes
1323 2655 1460 2691 codicis
1486 2656 1753 2693 Escorialensis
1784 2657 1965 2692 lectiones
1989 2657 2042 2693 ita
2066 2658 2139 2693 1100
2163 2658 2247 2692 1000
2274 2658 2419 2699 addam,
2445 2661 2486 2694 ut

106 2721 170 2747 eas
201 2711 458 2747 tantummodo
491 2721 787 2752 commemorem,
820 2711 955 2756 quihus
985 2711 1016 2746 is
1049 2712 1166 2748 codex
1196 2713 1335 2748 recedit
1365 2724 1386 2748 a
1411 2713 1564 2750 Stobaei
1595 2717 1768 2751 contextu
1797 2715 2031 2751 Meinekiano
2063 2715 2151 2761 (vol.
2182 2715 2306 2751 I—-IV
2336 2715 2486 2760 Lipsiae

106 2768 367 2813 1855—1857):
394 2769 543 2814 (desunt
568 2769 693 2804 omnia
718 2768 794 2804 iota
820 2769 1029 2814 subscripta
1053 2770 1090 2807 in
1117 2770 1257 2816 codice)
1282 2771 1355 2806 vol.
1381 2771 1398 2806 I
1414 2783 1449 2816 p.
1465 2772 1523 2813 4,2
1549 2774 1611 2817 μὲν
1636 2773 1742 2808 deest
1770 2772 1773 2818 Ι
1800 2773 1824 2808 4
1849 2775 1917 2808 αἰεί
1939 2773 1951 2819 ΙΙ
1976 2785 2011 2818 p.
2037 2773 2138 2818 72,21
2166 2775 2261 2817 μέσω
2285 2771 2297 2819 ΙΙ
2321 2785 2356 2818 p.
2381 2774 2485 2815 98,12

33 2871 35 2874 Ι
104 2827 250 2871 ἔμμεναι
278 2827 282 2872 Ι
313 2827 355 2862 13
379 2824 440 2873 γ’]
467 2838 509 2871 γε
537 2826 541 2873 Ι
570 2829 784 2871 βεβλαμένος
811 2826 816 2874 Ι
846 2829 889 2862 16
914 2830 1211 2873 κακοκερδείησιν
1235 2828 1247 2875 ΙΙ
1271 2840 1306 2874 p.
1335 2829 1436 2870 101,6
1460 2830 1594 2872 πολλός
1611 2842 1665 2866 τοι
1691 2830 1696 2876 Ι
1725 2832 1744 2866 7
1772 2831 1916 2876 μέτρον]
1941 2832 2079 2874 παῦρον
2103 2830 2115 2877 ΙΙ
2139 2842 2172 2876 p.
2199 2831 2328 2873 253,20
2353 2827 2447 2876 ἀρχὴ
2473 2830 2485 2877 ΙΙ

103 2895 139 2928 p.
164 2885 292 2926 292,18
315 2886 424 2919 πλεῦν
458 2884 461 2931 Ι
499 2886 541 2920 19
567 2885 629 2919 τοῦ
656 2882 766 2919 αὐτοῦ
794 2886 898 2920 deest
924 2885 928 2931 Ι
956 2886 1002 2920 20
1026 2885 1198 2932 Αἰσχρόν]
1230 2886 1355 2930 χθρόν,
1382 2887 1516 2931 quibus
1547 2887 1679 2923 litteris
1711 2889 1934 2933 praecedere
1965 2888 2126 2923 debebat
2151 2891 2169 2922 ὲ
2193 2889 2318 2925 littera
2342 2889 2453 2925 rubra
2478 2888 2483 2935 Ι

43 2948 45 2954 ’
104 2938 252 2986 ἀνδρᾶσι
275 2942 443 2987 νήφουσιν
471 2942 475 2988 Ι
503 2943 544 2978 21
574 2943 739 2988 αἰσχρὸν]
766 2943 897 2987 ἐχθρὸν
925 2943 928 2989 Ι
957 2943 1228 2988 παραμεθύουσι
1255 2943 1259 2989 Ι
1288 2945 1334 2980 23
1358 2944 1468 2986 πολύς
1496 2943 1499 2990 Ι
1529 2945 1574 2980 28
1599 2942 1679 2982 σῦκ’
1709 2942 1760 2981 ἐτ’
1792 2945 1796 2991 Ι
1824 2946 1869 2981 29
1895 2943 2004 2981 αὐτοῦ
2029 2945 2040 2992 ΙΙ
2065 2957 2100 2990 Ρ.
2126 2946 2227 2988 293,1
2254 2944 2450 2991 ἀπάλαμνα
2478 2947 2482 2993 Ι

103 2999 128 3034 4
149 2997 218 3034 πῖν’
251 3000 256 3046 Ι
283 3001 306 3036 5
333 3000 473 3044 μεθύων
501 2999 504 3046 Ι
533 3001 592 3046 σὲ]
619 3003 659 3035 δὲ
686 2999 690 3046 Ι
719 3001 739 3036 7
765 3000 827 3035 τοδ
853 2997 962 3036 αὐτοῦ
989 3002 1094 3037 deest
1119 3001 1124 3047 Ι
1152 3002 1176 3039 8
1198 2998 1253 3036 ὅτ’
1283 3001 1325 3036 ἂν
1352 3001 1356 3048 Ι
1387 3002 1428 3036 11
1455 3004 1573 3046 ἵδρυες
1600 3002 1605 3049 Ι
1635 3003 1677 3039 12
1701 3003 1928 3047 γινώσκουσιν
1954 3003 1960 3050 Ι
1986 3003 2082 3039 inter
2105 3015 2140 3040 v.
2160 3004 2204 3038 14
2229 3007 2265 3039 et
2289 3015 2321 3039 v.
2342 3005 2386 3040 15
2410 3016 2486 3041 non

104 3057 330 3102 significatur
353 3058 440 3094 novi
465 3058 663 3103 fragmenti
686 3058 831 3094 initium
863 3058 869 3104 Ι
906 3059 948 3094 16
974 3055 1054 3094 σῦκ’
1084 3056 1134 3094 ἐτ’
1166 3059 1172 3106 Ι
1207 3060 1249 3095 17
1275 3055 1407 3105 ἀλλοίγ’
1440 3059 1444 3106 Ι
1482 3061 1525 3095 18
1549 3062 1624 3104 ἔχει
1650 3059 1656 3106 Ι
1685 3061 1729 3096 19
1753 3057 1899 3106 στήθεσι
1928 3062 1940 3108 ΙΙ
1970 3073 2005 3106 Ρ.
2031 3062 2159 3103 301,29
2184 3073 2224 3096 σε
2249 3061 2255 3106 Ι
2282 3065 2450 3106 παρέχειν
2473 3063 2485 3108 ΙΙ

15 3099 16 3102 ¹
53 3130 55 3134 ¹
105 3125 140 3160 p.
165 3115 291 3157 306,16
315 3112 338 3160 ἠ
366 3114 378 3162 ΙΙ
401 3115 473 3151 vol.
499 3116 532 3151 II
556 3127 591 3161 p.
619 3116 721 3157 19:30
745 3118 920 3160 συμμιγής
945 3115 956 3162 ΙΙ
979 3128 1014 3161 Ρ.
1039 3117 1116 3158 20,1
1145 3114 1236 3162 ἀτὰρ
1264 3116 1268 3163 Ι
1296 3110 1411 3160 καλὸς
1442 3117 1453 3162 ΙΙ
1484 3130 1519 3163 Ρ.
1545 3119 1622 3160 29,1
1648 3119 1896 3163 καταθήσεται
1923 3127 1927 3165 Ι
1955 3121 1976 3154 2
2001 3116 2149 3163 ἀνδροῖσι
2171 3120 2183 3166 ΙΙ
2214 3131 2249 3165 Ρ.
2275 3121 2356 3162 30,9
2380 3124 2485 3165 γαίαν
