<?xml version="1.0" encoding="UTF-8"?>
<!DOCTYPE html PUBLIC "-//W3C//DTD XHTML 1.0 Transitional//EN"
    "http://www.w3.org/TR/xhtml1/DTD/xhtml1-transitional.dtd">
<html xmlns="http://www.w3.org/1999/xhtml" xml:lang="en" lang="en">
 <head>
  <title>
</title>
<meta http-equiv="Content-Type" content="text/html;charset=utf-8" />
  <meta name='ocr-system' content='tesseract 3.04.00' />
  <meta name='ocr-capabilities' content='ocr_page ocr_carea ocr_par ocr_line ocrx_word'/>
</head>
<body>
  <div class='ocr_page' id='page_1' title='image "./detheognideorumm00studuoft_0018.png"; bbox 0 0 2898 3516; ppageno 0'>
   <div class='ocr_carea' id='block_1_1' title="bbox 1458 197 1510 238">
    <p class='ocr_par' dir='ltr' id='par_1_1' title="bbox 1458 197 1510 238">
     <span class='ocr_line' id='line_1_1' title="bbox 1458 197 1510 238; baseline 0 0"><span class='ocrx_word' id='word_1_1' title='bbox 1458 197 1510 238; x_wconf 88' lang='lat'>16</span> 
     </span>
    </p>
   </div>
   <div class='ocr_carea' id='block_1_2' title="bbox 1344 257 1613 262">
    <p class='ocr_par' dir='ltr' id='par_1_2' title="bbox 1344 257 1613 262">
     <span class='ocr_line' id='line_1_2' title="bbox 1344 257 1613 262; baseline 0 0"><span class='ocrx_word' id='word_1_2' title='bbox 1344 257 1613 262; x_wconf 95' lang='lat' dir='ltr'> </span> 
     </span>
    </p>
   </div>
   <div class='ocr_carea' id='block_1_3' title="bbox 544 312 1048 355">
    <p class='ocr_par' dir='ltr' id='par_1_3' title="bbox 544 312 1048 355">
     <span class='ocr_line' id='line_1_3' title="bbox 544 312 1048 355; baseline -0.004 0"><span class='ocrx_word' id='word_1_3' title='bbox 544 313 637 355; x_wconf 89' lang='lat' dir='ltr'>folii</span> <span class='ocrx_word' id='word_1_4' title='bbox 668 313 749 354; x_wconf 68' lang='lat' dir='ltr'>28V</span> <span class='ocrx_word' id='word_1_5' title='bbox 781 312 989 354; x_wconf 85' lang='lat' dir='ltr'>columna</span> <span class='ocrx_word' id='word_1_6' title='bbox 1019 312 1048 353; x_wconf 92' lang='grc' dir='ltr'>Ι.</span> 
     </span>
    </p>
   </div>
   <div class='ocr_carea' id='block_1_4' title="bbox 123 385 1424 517">
    <p class='ocr_par' dir='ltr' id='par_1_4' title="bbox 123 385 1424 517">
     <span class='ocr_line' id='line_1_4' title="bbox 124 385 1370 449; baseline 0 -16"><span class='ocrx_word' id='word_1_7' title='bbox 124 405 187 435; x_wconf 99' lang='grc'>451</span> <span class='ocrx_word' id='word_1_8' title='bbox 209 386 313 448; x_wconf 69' lang='grc' dir='ltr'>(τοῧ)</span> <span class='ocrx_word' id='word_1_9' title='bbox 344 393 498 449; x_wconf 83' lang='grc' dir='ltr'>χροιῆσ</span> <span class='ocrx_word' id='word_1_10' title='bbox 526 390 781 447; x_wconf 75' lang='grc' dir='ltr'>καθύπερθε</span> <span class='ocrx_word' id='word_1_11' title='bbox 812 390 946 447; x_wconf 91' lang='grc' dir='ltr'>μέλασ</span> <span class='ocrx_word' id='word_1_12' title='bbox 976 385 1071 445; x_wconf 74' lang='grc' dir='ltr'>οὐχ’</span> <span class='ocrx_word' id='word_1_13' title='bbox 1106 388 1278 432; x_wconf 83' lang='grc' dir='ltr'>ἅπτεται</span> <span class='ocrx_word' id='word_1_14' title='bbox 1310 390 1370 433; x_wconf 82' lang='grc' dir='ltr'>ἰὸν</span> 
     </span>
     <span class='ocr_line' id='line_1_5' title="bbox 123 456 1424 517; baseline -0.002 -16"><span class='ocrx_word' id='word_1_15' title='bbox 123 472 188 502; x_wconf 89' lang='grc'>453</span> <span class='ocrx_word' id='word_1_16' title='bbox 209 456 446 516; x_wconf 75' lang='grc' dir='ltr'>[ὤνθρωπ’]</span> <span class='ocrx_word' id='word_1_17' title='bbox 480 461 516 503; x_wconf 90' lang='grc' dir='ltr'>εἰ</span> <span class='ocrx_word' id='word_1_18' title='bbox 543 458 718 517; x_wconf 87' lang='grc' dir='ltr'>γνώμησ</span> <span class='ocrx_word' id='word_1_19' title='bbox 748 459 907 515; x_wconf 88' lang='grc' dir='ltr'>ἔλαχεσ</span> <span class='ocrx_word' id='word_1_20' title='bbox 938 472 1068 515; x_wconf 89' lang='grc' dir='ltr'>μεροσ</span> <span class='ocrx_word' id='word_1_21' title='bbox 1098 457 1245 514; x_wconf 84' lang='grc' dir='ltr'>ὥσπαρ</span> <span class='ocrx_word' id='word_1_22' title='bbox 1277 456 1424 514; x_wconf 89' lang='grc' dir='ltr'>ἀνοίησ</span> 
     </span>
    </p>
   </div>
   <div class='ocr_carea' id='block_1_5' title="bbox 120 523 1339 791">
    <p class='ocr_par' dir='ltr' id='par_1_5' title="bbox 122 523 1267 586">
     <span class='ocr_line' id='line_1_6' title="bbox 122 523 1267 586; baseline -0.001 -16"><span class='ocrx_word' id='word_1_23' title='bbox 122 541 188 571; x_wconf 86' lang='grc'>455</span> <span class='ocrx_word' id='word_1_24' title='bbox 207 530 415 584; x_wconf 84' lang='grc' dir='ltr'>(π)ολλοῖσ</span> <span class='ocrx_word' id='word_1_25' title='bbox 444 523 707 586; x_wconf 71' lang='grc' dir='ltr'>ῧῖνζηλωτὸσ</span> <span class='ocrx_word' id='word_1_26' title='bbox 737 527 902 584; x_wconf 81' lang='grc' dir='ltr'>ἐφαίνεο</span> <span class='ocrx_word' id='word_1_27' title='bbox 931 527 1060 569; x_wconf 82' lang='grc' dir='ltr'>τῶνδε</span> <span class='ocrx_word' id='word_1_28' title='bbox 1088 526 1267 569; x_wconf 85' lang='grc' dir='ltr'>πολιτῶν</span> 
     </span>
    </p>

    <p class='ocr_par' dir='ltr' id='par_1_6' title="bbox 120 590 1339 791">
     <span class='ocr_line' id='line_1_7' title="bbox 123 590 1326 654; baseline -0.002 -16"><span class='ocrx_word' id='word_1_29' title='bbox 123 609 188 638; x_wconf 88' lang='grc'>457</span> <span class='ocrx_word' id='word_1_30' title='bbox 208 597 273 652; x_wconf 85' lang='grc' dir='ltr'>[οὔ</span> <span class='ocrx_word' id='word_1_31' title='bbox 303 612 365 640; x_wconf 88' lang='grc' dir='ltr'>τοι</span> <span class='ocrx_word' id='word_1_32' title='bbox 395 596 622 654; x_wconf 83' lang='grc' dir='ltr'>σύμφορόν]</span> <span class='ocrx_word' id='word_1_33' title='bbox 654 590 741 639; x_wconf 68' lang='grc' dir='ltr'>’ἐστι</span> <span class='ocrx_word' id='word_1_34' title='bbox 769 596 872 652; x_wconf 76' lang='grc' dir='ltr'>γυνη</span> <span class='ocrx_word' id='word_1_35' title='bbox 904 594 977 638; x_wconf 88' lang='grc' dir='ltr'>νέα</span> <span class='ocrx_word' id='word_1_36' title='bbox 1008 593 1123 650; x_wconf 83' lang='grc' dir='ltr'>ἀνδρὶ</span> <span class='ocrx_word' id='word_1_37' title='bbox 1151 594 1326 650; x_wconf 77' lang='grc' dir='ltr'>γέροντι,</span> 
     </span>
     <span class='ocr_line' id='line_1_8' title="bbox 121 661 1333 722; baseline -0.002 -16"><span class='ocrx_word' id='word_1_38' title='bbox 121 677 187 707; x_wconf 91' lang='grc'>459</span> <span class='ocrx_word' id='word_1_39' title='bbox 205 665 335 720; x_wconf 76' lang='grc' dir='ltr'>ο[ι’)δ’]</span> <span class='ocrx_word' id='word_1_40' title='bbox 369 663 585 722; x_wconf 79' lang='grc' dir='ltr'>ἅγ[κυραι]</span> <span class='ocrx_word' id='word_1_41' title='bbox 619 666 783 721; x_wconf 89' lang='grc' dir='ltr'>ἔχουσιν</span> <span class='ocrx_word' id='word_1_42' title='bbox 814 661 1091 719; x_wconf 80' lang='grc' dir='ltr'>ἀπορρήξασα</span> <span class='ocrx_word' id='word_1_43' title='bbox 1122 663 1168 705; x_wconf 86' lang='grc' dir='ltr'>δὲ</span> <span class='ocrx_word' id='word_1_44' title='bbox 1198 661 1333 719; x_wconf 86' lang='grc' dir='ltr'>δεσμὰ</span> 
     </span>
     <span class='ocr_line' id='line_1_9' title="bbox 120 725 1339 791; baseline -0.001 -17"><span class='ocrx_word' id='word_1_45' title='bbox 120 745 183 774; x_wconf 90' lang='grc'>461</span> <span class='ocrx_word' id='word_1_46' title='bbox 205 729 399 791; x_wconf 73' lang='grc' dir='ltr'>μήπ[οτ’]</span> <span class='ocrx_word' id='word_1_47' title='bbox 433 725 762 789; x_wconf 71' lang='grc' dir='ltr'>ἐτέ’ὃῖπρήκτοισι</span> <span class='ocrx_word' id='word_1_48' title='bbox 791 730 884 775; x_wconf 84' lang='grc' dir='ltr'>νόον</span> <span class='ocrx_word' id='word_1_49' title='bbox 915 732 991 787; x_wconf 86' lang='grc' dir='ltr'>ἔχε</span> <span class='ocrx_word' id='word_1_50' title='bbox 1022 729 1130 788; x_wconf 78' lang='grc' dir='ltr'>μηδὲ</span> <span class='ocrx_word' id='word_1_51' title='bbox 1161 731 1339 788; x_wconf 80' lang='grc' dir='ltr'>μενοίνα,</span> 
     </span>
    </p>
   </div>
   <div class='ocr_carea' id='block_1_6' title="bbox 120 797 1434 859">
    <p class='ocr_par' dir='ltr' id='par_1_7' title="bbox 120 797 1434 859">
     <span class='ocr_line' id='line_1_10' title="bbox 120 797 1434 859; baseline 0 -17"><span class='ocrx_word' id='word_1_52' title='bbox 120 812 186 843; x_wconf 89' lang='grc'>463</span> <span class='ocrx_word' id='word_1_53' title='bbox 206 801 499 859; x_wconf 84' lang='grc' dir='ltr'>(εὐ)[μα]ρέωσ</span> <span class='ocrx_word' id='word_1_54' title='bbox 526 816 588 844; x_wconf 90' lang='grc' dir='ltr'>τοι</span> <span class='ocrx_word' id='word_1_55' title='bbox 617 801 765 857; x_wconf 82' lang='grc' dir='ltr'>χρῆμα</span> <span class='ocrx_word' id='word_1_56' title='bbox 797 800 891 842; x_wconf 85' lang='grc' dir='ltr'>θεοὶ</span> <span class='ocrx_word' id='word_1_57' title='bbox 921 797 1049 843; x_wconf 84' lang='grc' dir='ltr'>δόσαν</span> <span class='ocrx_word' id='word_1_58' title='bbox 1079 798 1174 841; x_wconf 82' lang='grc' dir='ltr'>οὔτε</span> <span class='ocrx_word' id='word_1_59' title='bbox 1204 814 1266 842; x_wconf 92' lang='grc' dir='ltr'>τοι</span> <span class='ocrx_word' id='word_1_60' title='bbox 1297 799 1434 843; x_wconf 85' lang='grc' dir='ltr'>δειλὸν</span> 
     </span>
    </p>
   </div>
   <div class='ocr_carea' id='block_1_7' title="bbox 121 863 1353 928">
    <p class='ocr_par' dir='ltr' id='par_1_8' title="bbox 121 863 1353 928">
     <span class='ocr_line' id='line_1_11' title="bbox 121 863 1353 928; baseline -0.001 -17"><span class='ocrx_word' id='word_1_61' title='bbox 121 881 186 912; x_wconf 87' lang='lat'>465</span> <span class='ocrx_word' id='word_1_62' title='bbox 206 870 311 928; x_wconf 85' lang='grc' dir='ltr'>ἀμφ’</span> <span class='ocrx_word' id='word_1_63' title='bbox 344 867 471 927; x_wconf 79' lang='grc' dir='ltr'>ἀρετή</span> <span class='ocrx_word' id='word_1_64' title='bbox 502 870 643 927; x_wconf 83' lang='grc' dir='ltr'>τρίβου</span> <span class='ocrx_word' id='word_1_65' title='bbox 673 869 748 912; x_wconf 89' lang='grc' dir='ltr'>καί</span> <span class='ocrx_word' id='word_1_66' title='bbox 778 883 842 911; x_wconf 94' lang='grc' dir='ltr'>σοι</span> <span class='ocrx_word' id='word_1_67' title='bbox 871 867 923 911; x_wconf 84' lang='grc' dir='ltr'>τὰ</span> <span class='ocrx_word' id='word_1_68' title='bbox 953 868 1094 910; x_wconf 85' lang='grc' dir='ltr'>δίκαια</span> <span class='ocrx_word' id='word_1_69' title='bbox 1125 863 1213 924; x_wconf 77' lang='grc' dir='ltr'>φίλ’</span> <span class='ocrx_word' id='word_1_70' title='bbox 1247 869 1353 910; x_wconf 93' lang='grc' dir='ltr'>ἔστω</span> 
     </span>
    </p>
   </div>
   <div class='ocr_carea' id='block_1_8' title="bbox 121 932 1389 995">
    <p class='ocr_par' dir='ltr' id='par_1_9' title="bbox 121 932 1389 995">
     <span class='ocr_line' id='line_1_12' title="bbox 121 932 1389 995; baseline -0.001 -16"><span class='ocrx_word' id='word_1_71' title='bbox 121 950 186 979; x_wconf 93' lang='grc'>467</span> <span class='ocrx_word' id='word_1_72' title='bbox 206 939 363 995; x_wconf 79' lang='grc' dir='ltr'>μηδένα</span> <span class='ocrx_word' id='word_1_73' title='bbox 393 934 514 982; x_wconf 71' lang='grc' dir='ltr'>τῶνδ’</span> <span class='ocrx_word' id='word_1_74' title='bbox 547 937 726 981; x_wconf 76' lang='grc' dir='ltr'>ἀέκοντα</span> <span class='ocrx_word' id='word_1_75' title='bbox 758 937 889 994; x_wconf 91' lang='grc' dir='ltr'>μένειν</span> <span class='ocrx_word' id='word_1_76' title='bbox 920 936 1127 992; x_wconf 73' lang='grc' dir='ltr'>κατέρυκε</span> <span class='ocrx_word' id='word_1_77' title='bbox 1156 935 1259 991; x_wconf 92' lang='grc' dir='ltr'>παρ’</span> <span class='ocrx_word' id='word_1_78' title='bbox 1291 932 1389 992; x_wconf 77' lang='grc' dir='ltr'>ἡμῖν</span> 
     </span>
    </p>
   </div>
   <div class='ocr_carea' id='block_1_9' title="bbox 120 1002 1262 1063">
    <p class='ocr_par' dir='ltr' id='par_1_10' title="bbox 120 1002 1262 1063">
     <span class='ocr_line' id='line_1_13' title="bbox 120 1002 1262 1063; baseline 0 -16"><span class='ocrx_word' id='word_1_79' title='bbox 120 1017 186 1048; x_wconf 91' lang='grc'>469</span> <span class='ocrx_word' id='word_1_80' title='bbox 205 1005 305 1063; x_wconf 76' lang='grc' dir='ltr'>μηδ’</span> <span class='ocrx_word' id='word_1_81' title='bbox 339 1002 497 1049; x_wconf 78' lang='grc' dir='ltr'>εὕδοντ’</span> <span class='ocrx_word' id='word_1_82' title='bbox 532 1006 719 1062; x_wconf 84' lang='grc' dir='ltr'>ἐπέγειρε</span> <span class='ocrx_word' id='word_1_83' title='bbox 749 1004 947 1061; x_wconf 87' lang='grc' dir='ltr'>σιμωνίδη</span> <span class='ocrx_word' id='word_1_84' title='bbox 978 1003 1113 1047; x_wconf 83' lang='grc' dir='ltr'>ὅντινα</span> <span class='ocrx_word' id='word_1_85' title='bbox 1142 1002 1262 1060; x_wconf 77' lang='grc' dir='ltr'>ἡμῶν</span> 
     </span>
    </p>
   </div>
   <div class='ocr_carea' id='block_1_10' title="bbox 119 1070 1391 1132">
    <p class='ocr_par' dir='ltr' id='par_1_11' title="bbox 119 1070 1391 1132">
     <span class='ocr_line' id='line_1_14' title="bbox 119 1070 1391 1132; baseline 0.001 -17"><span class='ocrx_word' id='word_1_86' title='bbox 119 1086 183 1115; x_wconf 91' lang='grc'>471</span> <span class='ocrx_word' id='word_1_87' title='bbox 204 1075 261 1132; x_wconf 74' lang='grc' dir='ltr'>μή</span> <span class='ocrx_word' id='word_1_88' title='bbox 294 1076 340 1117; x_wconf 87' lang='grc' dir='ltr'>δὲ</span> <span class='ocrx_word' id='word_1_89' title='bbox 369 1074 438 1118; x_wconf 84' lang='grc' dir='ltr'>τὸν</span> <span class='ocrx_word' id='word_1_90' title='bbox 469 1070 751 1131; x_wconf 86' lang='grc' dir='ltr'>ἀγρυπνέοντα</span> <span class='ocrx_word' id='word_1_91' title='bbox 780 1071 922 1116; x_wconf 80' lang='grc' dir='ltr'>κέλευ’</span> <span class='ocrx_word' id='word_1_92' title='bbox 956 1071 1136 1115; x_wconf 88' lang='grc' dir='ltr'>ἀεκοντα</span> <span class='ocrx_word' id='word_1_93' title='bbox 1165 1071 1391 1116; x_wconf 77' lang='grc' dir='ltr'>καθεύδειν</span> 
     </span>
    </p>
   </div>
   <div class='ocr_carea' id='block_1_11' title="bbox 119 1138 1293 1335">
    <p class='ocr_par' dir='ltr' id='par_1_12' title="bbox 119 1138 1293 1335">
     <span class='ocr_line' id='line_1_15' title="bbox 120 1138 1277 1198; baseline 0 -15"><span class='ocrx_word' id='word_1_94' title='bbox 120 1154 186 1184; x_wconf 90' lang='grc'>473</span> <span class='ocrx_word' id='word_1_95' title='bbox 203 1144 260 1185; x_wconf 83' lang='grc' dir='ltr'>τῶ</span> <span class='ocrx_word' id='word_1_96' title='bbox 290 1143 415 1186; x_wconf 81' lang='grc' dir='ltr'>πίνειν</span> <span class='ocrx_word' id='word_1_97' title='bbox 446 1138 485 1185; x_wconf 72' lang='grc' dir='ltr'>δ’</span> <span class='ocrx_word' id='word_1_98' title='bbox 519 1143 706 1186; x_wconf 89' lang='grc' dir='ltr'>ἐθέλοντι</span> <span class='ocrx_word' id='word_1_99' title='bbox 735 1140 1008 1198; x_wconf 88' lang='grc' dir='ltr'>παρασταδὸν</span> <span class='ocrx_word' id='word_1_100' title='bbox 1039 1140 1277 1197; x_wconf 80' lang='grc' dir='ltr'>οἰνοχοείτω</span> 
     </span>
     <span class='ocr_line' id='line_1_16' title="bbox 119 1210 1155 1268; baseline -0.001 -16"><span class='ocrx_word' id='word_1_101' title='bbox 119 1223 185 1252; x_wconf 88' lang='lat'>475</span> <span class='ocrx_word' id='word_1_102' title='bbox 204 1210 334 1268; x_wconf 77' lang='grc' dir='ltr'>αὐτὰρ</span> <span class='ocrx_word' id='word_1_103' title='bbox 365 1211 448 1268; x_wconf 83' lang='grc' dir='ltr'>ἐγώ</span> <span class='ocrx_word' id='word_1_104' title='bbox 480 1211 627 1268; x_wconf 83' lang='grc' dir='ltr'>μέτρον</span> <span class='ocrx_word' id='word_1_105' title='bbox 659 1212 746 1267; x_wconf 88' lang='grc' dir='ltr'>ἔχω</span> <span class='ocrx_word' id='word_1_106' title='bbox 778 1210 1002 1267; x_wconf 90' lang='grc' dir='ltr'>μελιηδέοσ</span> <span class='ocrx_word' id='word_1_107' title='bbox 1032 1210 1155 1264; x_wconf 83' lang='grc' dir='ltr'>οἴνου,</span> 
     </span>
     <span class='ocr_line' id='line_1_17' title="bbox 119 1275 1293 1335; baseline -0.001 -15"><span class='ocrx_word' id='word_1_108' title='bbox 119 1290 184 1320; x_wconf 87' lang='lat'>477</span> <span class='ocrx_word' id='word_1_109' title='bbox 202 1275 289 1335; x_wconf 78' lang='grc' dir='ltr'>ἥξω</span> <span class='ocrx_word' id='word_1_110' title='bbox 321 1275 361 1321; x_wconf 75' lang='grc' dir='ltr'>δ’</span> <span class='ocrx_word' id='word_1_111' title='bbox 395 1278 456 1321; x_wconf 84' lang='grc' dir='ltr'>ώσ</span> <span class='ocrx_word' id='word_1_112' title='bbox 486 1280 598 1322; x_wconf 78' lang='grc' dir='ltr'>οἶνοσ</span> <span class='ocrx_word' id='word_1_113' title='bbox 625 1278 904 1335; x_wconf 90' lang='grc' dir='ltr'>χαριέστατοσ</span> <span class='ocrx_word' id='word_1_114' title='bbox 934 1277 1050 1333; x_wconf 86' lang='grc' dir='ltr'>ἀνδρὶ</span> <span class='ocrx_word' id='word_1_115' title='bbox 1078 1277 1293 1319; x_wconf 91' lang='grc' dir='ltr'>πέποσθαι</span> 
     </span>
    </p>
   </div>
   <div class='ocr_carea' id='block_1_12' title="bbox 118 1341 1383 1540">
    <p class='ocr_par' dir='ltr' id='par_1_13' title="bbox 118 1341 1383 1540">
     <span class='ocr_line' id='line_1_18' title="bbox 119 1341 1376 1405; baseline 0 -17"><span class='ocrx_word' id='word_1_116' title='bbox 119 1359 185 1388; x_wconf 87' lang='grc'>479</span> <span class='ocrx_word' id='word_1_117' title='bbox 203 1346 254 1389; x_wconf 80' lang='grc' dir='ltr'>ὃσ</span> <span class='ocrx_word' id='word_1_118' title='bbox 283 1343 324 1390; x_wconf 73' lang='grc' dir='ltr'>δ’</span> <span class='ocrx_word' id='word_1_119' title='bbox 357 1348 407 1391; x_wconf 75' lang='grc' dir='ltr'>ὃὶν</span> <span class='ocrx_word' id='word_1_120' title='bbox 436 1343 679 1405; x_wconf 80' lang='grc' dir='ltr'>ὖπερβάλλη</span> <span class='ocrx_word' id='word_1_121' title='bbox 710 1346 860 1389; x_wconf 91' lang='grc' dir='ltr'>πόσιοσ</span> <span class='ocrx_word' id='word_1_122' title='bbox 890 1346 1036 1403; x_wconf 88' lang='grc' dir='ltr'>μέτρον</span> <span class='ocrx_word' id='word_1_123' title='bbox 1067 1341 1205 1388; x_wconf 76' lang='grc' dir='ltr'>οὐκέτι</span> <span class='ocrx_word' id='word_1_124' title='bbox 1234 1352 1376 1389; x_wconf 90' lang='grc' dir='ltr'>κεῖνοσ</span> 
     </span>
     <span class='ocr_line' id='line_1_19' title="bbox 118 1413 1383 1472; baseline 0.001 -17"><span class='ocrx_word' id='word_1_125' title='bbox 118 1427 182 1456; x_wconf 88' lang='lat'>481</span> <span class='ocrx_word' id='word_1_126' title='bbox 204 1416 395 1472; x_wconf 72' lang='grc' dir='ltr'>μυθεῖται</span> <span class='ocrx_word' id='word_1_127' title='bbox 425 1414 466 1458; x_wconf 81' lang='grc' dir='ltr'>δ’</span> <span class='ocrx_word' id='word_1_128' title='bbox 499 1413 726 1472; x_wconf 83' lang='grc' dir='ltr'>ἀπάλαμνα</span> <span class='ocrx_word' id='word_1_129' title='bbox 756 1414 808 1457; x_wconf 86' lang='grc' dir='ltr'>τὰ</span> <span class='ocrx_word' id='word_1_130' title='bbox 837 1414 1012 1471; x_wconf 79' lang='grc' dir='ltr'>νήφουσι</span> <span class='ocrx_word' id='word_1_131' title='bbox 1041 1414 1195 1471; x_wconf 87' lang='grc' dir='ltr'>γίνεται</span> <span class='ocrx_word' id='word_1_132' title='bbox 1226 1413 1383 1470; x_wconf 82' lang='grc' dir='ltr'>αἰσχρὰ</span> 
     </span>
     <span class='ocr_line' id='line_1_20' title="bbox 118 1478 1380 1540; baseline 0 -16"><span class='ocrx_word' id='word_1_133' title='bbox 118 1495 184 1525; x_wconf 90' lang='grc'>483</span> <span class='ocrx_word' id='word_1_134' title='bbox 201 1483 246 1526; x_wconf 84' lang='grc' dir='ltr'>τὸ</span> <span class='ocrx_word' id='word_1_135' title='bbox 279 1486 371 1540; x_wconf 85' lang='grc' dir='ltr'>πρὶν</span> <span class='ocrx_word' id='word_1_136' title='bbox 402 1484 479 1527; x_wconf 80' lang='grc' dir='ltr'>ἐών</span> <span class='ocrx_word' id='word_1_137' title='bbox 510 1483 685 1540; x_wconf 82' lang='grc' dir='ltr'>σώφρων</span> <span class='ocrx_word' id='word_1_138' title='bbox 715 1480 784 1526; x_wconf 76' lang='grc' dir='ltr'>ὅτε</span> <span class='ocrx_word' id='word_1_139' title='bbox 806 1482 983 1540; x_wconf 52' lang='grc' dir='ltr'>,νήπιοσ·</span> <span class='ocrx_word' id='word_1_140' title='bbox 1016 1478 1126 1525; x_wconf 83' lang='grc' dir='ltr'>ἀλλὰ</span> <span class='ocrx_word' id='word_1_141' title='bbox 1155 1481 1205 1524; x_wconf 77' lang='grc' dir='ltr'>σύ</span> <span class='ocrx_word' id='word_1_142' title='bbox 1235 1484 1380 1535; x_wconf 86' lang='grc' dir='ltr'>ταῦτα,</span> 
     </span>
    </p>
   </div>
   <div class='ocr_carea' id='block_1_13' title="bbox 118 1549 1354 1952">
    <p class='ocr_par' dir='ltr' id='par_1_14' title="bbox 118 1549 1354 1952">
     <span class='ocr_line' id='line_1_21' title="bbox 118 1549 1354 1609; baseline 0.001 -17"><span class='ocrx_word' id='word_1_143' title='bbox 118 1563 184 1593; x_wconf 88' lang='lat'>485</span> <span class='ocrx_word' id='word_1_144' title='bbox 203 1550 298 1595; x_wconf 87' lang='grc' dir='ltr'>ἀλλ’</span> <span class='ocrx_word' id='word_1_145' title='bbox 330 1552 359 1608; x_wconf 78' lang='grc' dir='ltr'>ἥ</span> <span class='ocrx_word' id='word_1_146' title='bbox 390 1555 482 1609; x_wconf 85' lang='grc' dir='ltr'>πρὶν</span> <span class='ocrx_word' id='word_1_147' title='bbox 514 1552 683 1609; x_wconf 82' lang='grc' dir='ltr'>μεθύειν</span> <span class='ocrx_word' id='word_1_148' title='bbox 713 1549 987 1596; x_wconf 78' lang='grc' dir='ltr'>ὑπανίστασο·</span> <span class='ocrx_word' id='word_1_149' title='bbox 1021 1550 1078 1608; x_wconf 88' lang='grc' dir='ltr'>μή</span> <span class='ocrx_word' id='word_1_150' title='bbox 1110 1566 1157 1593; x_wconf 90' lang='grc' dir='ltr'>σε</span> <span class='ocrx_word' id='word_1_151' title='bbox 1190 1550 1354 1608; x_wconf 79' lang='grc' dir='ltr'>βιάσθω</span> 
     </span>
     <span class='ocr_line' id='line_1_22' title="bbox 119 1616 1254 1678; baseline 0 -17"><span class='ocrx_word' id='word_1_152' title='bbox 119 1620 230 1676; x_wconf 80' lang='grc' dir='ltr'>487ἥ</span> <span class='ocrx_word' id='word_1_153' title='bbox 261 1620 428 1677; x_wconf 80' lang='grc' dir='ltr'>παρεών</span> <span class='ocrx_word' id='word_1_154' title='bbox 459 1621 515 1678; x_wconf 80' lang='grc' dir='ltr'>μή</span> <span class='ocrx_word' id='word_1_155' title='bbox 547 1621 638 1664; x_wconf 91' lang='grc' dir='ltr'>πίνε</span> <span class='ocrx_word' id='word_1_156' title='bbox 668 1620 717 1663; x_wconf 79' lang='grc' dir='ltr'>σύ</span> <span class='ocrx_word' id='word_1_157' title='bbox 749 1616 789 1662; x_wconf 72' lang='grc' dir='ltr'>δ’</span> <span class='ocrx_word' id='word_1_158' title='bbox 823 1621 897 1677; x_wconf 85' lang='grc' dir='ltr'>ἔχε</span> <span class='ocrx_word' id='word_1_159' title='bbox 926 1621 1047 1663; x_wconf 83' lang='grc' dir='ltr'>τοῦτο</span> <span class='ocrx_word' id='word_1_160' title='bbox 1080 1619 1254 1676; x_wconf 88' lang='grc' dir='ltr'>μάταιον</span> 
     </span>
     <span class='ocr_line' id='line_1_23' title="bbox 119 1685 1327 1746; baseline 0 -16"><span class='ocrx_word' id='word_1_161' title='bbox 119 1685 229 1745; x_wconf 78' lang='grc' dir='ltr'>489ή</span> <span class='ocrx_word' id='word_1_162' title='bbox 263 1691 335 1746; x_wconf 86' lang='grc' dir='ltr'>μὲν</span> <span class='ocrx_word' id='word_1_163' title='bbox 364 1689 445 1746; x_wconf 82' lang='grc' dir='ltr'>γὰρ</span> <span class='ocrx_word' id='word_1_164' title='bbox 477 1690 646 1746; x_wconf 89' lang='grc' dir='ltr'>φέρεται</span> <span class='ocrx_word' id='word_1_165' title='bbox 675 1688 931 1745; x_wconf 85' lang='grc' dir='ltr'>φιλοτήσιοσ,</span> <span class='ocrx_word' id='word_1_166' title='bbox 961 1685 989 1745; x_wconf 79' lang='grc' dir='ltr'>ἡ</span> <span class='ocrx_word' id='word_1_167' title='bbox 1022 1689 1068 1731; x_wconf 81' lang='grc' dir='ltr'><strong>δέ</strong></span> <span class='ocrx_word' id='word_1_168' title='bbox 1097 1687 1327 1744; x_wconf 88' lang='grc' dir='ltr'>πρόκειται.</span> 
     </span>
     <span class='ocr_line' id='line_1_24' title="bbox 119 1754 1343 1814; baseline 0.001 -17"><span class='ocrx_word' id='word_1_169' title='bbox 119 1769 183 1798; x_wconf 90' lang='grc'>491</span> <span class='ocrx_word' id='word_1_170' title='bbox 204 1754 421 1814; x_wconf 83' lang='grc' dir='ltr'>ἀρνεῖσθαι</span> <span class='ocrx_word' id='word_1_171' title='bbox 451 1754 491 1800; x_wconf 74' lang='grc' dir='ltr'>δ’</span> <span class='ocrx_word' id='word_1_172' title='bbox 525 1755 604 1800; x_wconf 72' lang='grc' dir='ltr'>οὔκ</span> <span class='ocrx_word' id='word_1_173' title='bbox 634 1759 775 1800; x_wconf 78' lang='grc' dir='ltr'>οἶδασ.</span> <span class='ocrx_word' id='word_1_174' title='bbox 808 1757 1009 1813; x_wconf 80' lang='grc' dir='ltr'>ἀνίκητοσ</span> <span class='ocrx_word' id='word_1_175' title='bbox 1039 1756 1085 1799; x_wconf 92' lang='grc' dir='ltr'>δέ</span> <span class='ocrx_word' id='word_1_176' title='bbox 1114 1771 1176 1799; x_wconf 92' lang='grc' dir='ltr'>τοι</span> <span class='ocrx_word' id='word_1_177' title='bbox 1207 1756 1343 1810; x_wconf 84' lang='grc' dir='ltr'>οὖτοσ,</span> 
     </span>
     <span class='ocr_line' id='line_1_25' title="bbox 118 1822 1301 1884; baseline 0.001 -17"><span class='ocrx_word' id='word_1_178' title='bbox 118 1837 185 1868; x_wconf 88' lang='lat'>493</span> <span class='ocrx_word' id='word_1_179' title='bbox 204 1822 323 1884; x_wconf 80' lang='grc' dir='ltr'>ὑμεῖσ</span> <span class='ocrx_word' id='word_1_180' title='bbox 352 1826 392 1869; x_wconf 88' lang='grc' dir='ltr'>δ’</span> <span class='ocrx_word' id='word_1_181' title='bbox 426 1826 471 1869; x_wconf 83' lang='grc' dir='ltr'>εὖ</span> <span class='ocrx_word' id='word_1_182' title='bbox 503 1827 710 1884; x_wconf 83' lang='grc' dir='ltr'>μυθεῖσθε</span> <span class='ocrx_word' id='word_1_183' title='bbox 740 1826 857 1882; x_wconf 84' lang='grc' dir='ltr'>παρὰ</span> <span class='ocrx_word' id='word_1_184' title='bbox 887 1830 1067 1882; x_wconf 82' lang='grc' dir='ltr'>κρητῆρι</span> <span class='ocrx_word' id='word_1_185' title='bbox 1097 1825 1301 1881; x_wconf 90' lang='grc' dir='ltr'>μένοντεσ.</span> 
     </span>
     <span class='ocr_line' id='line_1_26' title="bbox 120 1890 1203 1952; baseline 0 -16"><span class='ocrx_word' id='word_1_186' title='bbox 120 1906 185 1936; x_wconf 89' lang='grc'>495</span> <span class='ocrx_word' id='word_1_187' title='bbox 204 1896 266 1937; x_wconf 87' lang='grc' dir='ltr'>εἰσ</span> <span class='ocrx_word' id='word_1_188' title='bbox 294 1894 339 1937; x_wconf 88' lang='grc' dir='ltr'>τὸ</span> <span class='ocrx_word' id='word_1_189' title='bbox 373 1895 497 1952; x_wconf 90' lang='grc' dir='ltr'>μέσον</span> <span class='ocrx_word' id='word_1_190' title='bbox 527 1899 749 1950; x_wconf 81' lang='grc' dir='ltr'>φονεῦντεσ</span> <span class='ocrx_word' id='word_1_191' title='bbox 781 1895 837 1938; x_wconf 83' lang='grc' dir='ltr'>ἐνὶ</span> <span class='ocrx_word' id='word_1_192' title='bbox 866 1896 939 1936; x_wconf 78' lang='grc' dir='ltr'>καὶ</span> <span class='ocrx_word' id='word_1_193' title='bbox 969 1893 1041 1936; x_wconf 78' lang='grc' dir='ltr'>σὺν</span> <span class='ocrx_word' id='word_1_194' title='bbox 1073 1890 1203 1936; x_wconf 82' lang='grc' dir='ltr'>ἅπασι</span> 
     </span>
    </p>
   </div>
   <div class='ocr_carea' id='block_1_14' title="bbox 119 1959 1477 2157">
    <p class='ocr_par' dir='ltr' id='par_1_15' title="bbox 119 1959 1477 2157">
     <span class='ocr_line' id='line_1_27' title="bbox 119 1959 1427 2020; baseline 0.001 -16"><span class='ocrx_word' id='word_1_195' title='bbox 119 1974 185 2005; x_wconf 89' lang='grc'>497</span> <span class='ocrx_word' id='word_1_196' title='bbox 205 1963 388 2019; x_wconf 83' lang='grc' dir='ltr'>ἄφρονοσ</span> <span class='ocrx_word' id='word_1_197' title='bbox 418 1959 572 2019; x_wconf 81' lang='grc' dir='ltr'>ἀνδρὸσ</span> <span class='ocrx_word' id='word_1_198' title='bbox 601 1962 719 2020; x_wconf 83' lang='grc' dir='ltr'>ὁμῶσ</span> <span class='ocrx_word' id='word_1_199' title='bbox 749 1965 822 2005; x_wconf 88' lang='grc' dir='ltr'>καὶ</span> <span class='ocrx_word' id='word_1_200' title='bbox 852 1962 1070 2019; x_wconf 87' lang='grc' dir='ltr'>σώφρονοσ</span> <span class='ocrx_word' id='word_1_201' title='bbox 1100 1963 1213 2005; x_wconf 76' lang='grc' dir='ltr'>οἵνοσ</span> <span class='ocrx_word' id='word_1_202' title='bbox 1242 1963 1342 2006; x_wconf 83' lang='grc' dir='ltr'>ὅταν</span> <span class='ocrx_word' id='word_1_203' title='bbox 1375 1963 1427 2019; x_wconf 81' lang='grc' dir='ltr'>δὴ</span> 
     </span>
     <span class='ocr_line' id='line_1_28' title="bbox 119 2031 1402 2088; baseline 0.001 -16"><span class='ocrx_word' id='word_1_204' title='bbox 119 2043 185 2073; x_wconf 90' lang='grc'>499</span> <span class='ocrx_word' id='word_1_205' title='bbox 204 2033 246 2075; x_wconf 82' lang='grc' dir='ltr'>ἐν</span> <span class='ocrx_word' id='word_1_206' title='bbox 275 2034 372 2088; x_wconf 83' lang='grc' dir='ltr'>πυρὶ</span> <span class='ocrx_word' id='word_1_207' title='bbox 403 2034 475 2088; x_wconf 80' lang='grc' dir='ltr'>μὲν</span> <span class='ocrx_word' id='word_1_208' title='bbox 504 2031 661 2088; x_wconf 89' lang='grc' dir='ltr'>χρυσόν</span> <span class='ocrx_word' id='word_1_209' title='bbox 691 2047 736 2074; x_wconf 86' lang='grc' dir='ltr'>τε</span> <span class='ocrx_word' id='word_1_210' title='bbox 766 2033 839 2073; x_wconf 80' lang='grc' dir='ltr'>καὶ</span> <span class='ocrx_word' id='word_1_211' title='bbox 869 2031 1049 2088; x_wconf 88' lang='grc' dir='ltr'>ἄργυρον</span> <span class='ocrx_word' id='word_1_212' title='bbox 1078 2032 1209 2087; x_wconf 79' lang='grc' dir='ltr'>ἴδριεσ</span> <span class='ocrx_word' id='word_1_213' title='bbox 1239 2031 1402 2087; x_wconf 84' lang='grc' dir='ltr'>ἄνδρεσ,</span> 
     </span>
     <span class='ocr_line' id='line_1_29' title="bbox 122 2099 1477 2157; baseline 0.001 -15"><span class='ocrx_word' id='word_1_214' title='bbox 122 2113 184 2142; x_wconf 88' lang='grc'>501</span> <span class='ocrx_word' id='word_1_215' title='bbox 205 2102 277 2143; x_wconf 84' lang='grc' dir='ltr'>καὶ</span> <span class='ocrx_word' id='word_1_216' title='bbox 308 2100 423 2157; x_wconf 89' lang='grc' dir='ltr'>μάλα</span> <span class='ocrx_word' id='word_1_217' title='bbox 452 2115 530 2156; x_wconf 89' lang='grc' dir='ltr'>περ</span> <span class='ocrx_word' id='word_1_218' title='bbox 560 2101 725 2143; x_wconf 81' lang='grc' dir='ltr'>πινυτοῦ</span> <span class='ocrx_word' id='word_1_219' title='bbox 762 2099 832 2143; x_wconf 85' lang='grc' dir='ltr'>τὸν</span> <span class='ocrx_word' id='word_1_220' title='bbox 871 2099 974 2156; x_wconf 81' lang='grc' dir='ltr'>ὑπὲρ</span> <span class='ocrx_word' id='word_1_221' title='bbox 1010 2100 1157 2157; x_wconf 84' lang='grc' dir='ltr'>μέτρον</span> <span class='ocrx_word' id='word_1_222' title='bbox 1186 2099 1320 2156; x_wconf 82' lang='grc' dir='ltr'>ἤρατο</span> <span class='ocrx_word' id='word_1_223' title='bbox 1352 2101 1477 2143; x_wconf 85' lang='grc' dir='ltr'>πίνων</span> 
     </span>
    </p>
   </div>
   <div class='ocr_carea' id='block_1_15' title="bbox 123 2169 1325 2227">
    <p class='ocr_par' dir='ltr' id='par_1_16' title="bbox 123 2169 1325 2227">
     <span class='ocr_line' id='line_1_30' title="bbox 123 2169 1325 2227; baseline 0.001 -17"><span class='ocrx_word' id='word_1_224' title='bbox 123 2181 188 2210; x_wconf 92' lang='grc'>503</span> <span class='ocrx_word' id='word_1_225' title='bbox 206 2169 409 2227; x_wconf 83' lang='grc' dir='ltr'>οἰνοβαρῶ</span> <span class='ocrx_word' id='word_1_226' title='bbox 438 2169 643 2226; x_wconf 78' lang='grc' dir='ltr'>κεφαλήν,</span> <span class='ocrx_word' id='word_1_227' title='bbox 674 2169 806 2226; x_wconf 83' lang='grc' dir='ltr'>ὄνομα</span> <span class='ocrx_word' id='word_1_228' title='bbox 836 2171 973 2225; x_wconf 85' lang='grc' dir='ltr'>κριταὶ</span> <span class='ocrx_word' id='word_1_229' title='bbox 1001 2169 1075 2211; x_wconf 84' lang='grc' dir='ltr'>καί</span> <span class='ocrx_word' id='word_1_230' title='bbox 1105 2183 1156 2225; x_wconf 86' lang='grc' dir='ltr'>με</span> <span class='ocrx_word' id='word_1_231' title='bbox 1188 2169 1325 2226; x_wconf 80' lang='grc' dir='ltr'>βιᾶται</span> 
     </span>
    </p>
   </div>
   <div class='ocr_carea' id='block_1_16' title="bbox 123 2245 1476 2329">
    <p class='ocr_par' dir='ltr' id='par_1_17' title="bbox 123 2245 1476 2329">
     <span class='ocr_line' id='line_1_31' title="bbox 123 2245 1476 2329; baseline -0.007 -39"><span class='ocrx_word' id='word_1_232' title='bbox 123 2261 187 2290; x_wconf 91' lang='lat'>505</span> <span class='ocrx_word' id='word_1_233' title='bbox 205 2246 419 2306; x_wconf 81' lang='grc' dir='ltr'>ἡμετέρησ</span> <span class='ocrx_word' id='word_1_234' title='bbox 455 2248 501 2291; x_wconf 87' lang='grc' dir='ltr'>τὸ</span> <span class='ocrx_word' id='word_1_235' title='bbox 541 2250 588 2291; x_wconf 82' lang='grc' dir='ltr'>δὲ</span> <span class='ocrx_word' id='word_1_236' title='bbox 618 2250 738 2305; x_wconf 84' lang='grc' dir='ltr'>δῶμα</span> <span class='ocrx_word' id='word_1_237' title='bbox 774 2251 868 2305; x_wconf 84' lang='grc' dir='ltr'>περὶ</span> <span class='ocrx_word' id='word_1_238' title='bbox 898 2249 1055 2305; x_wconf 78' lang='grc' dir='ltr'>τρέχει,</span> <span class='ocrx_word' id='word_1_239' title='bbox 1088 2245 1172 2329; x_wconf 40' lang='lat' dir='ltr'>&amp;egid</span> <span class='ocrx_word' id='word_1_240' title='bbox 1201 2249 1243 2306; x_wconf 73' lang='grc' dir='ltr'>γ’</span> <span class='ocrx_word' id='word_1_241' title='bbox 1277 2249 1476 2305; x_wconf 60' lang='grc' dir='ltr'>ἀναστὰς,</span> 
     </span>
    </p>
   </div>
   <div class='ocr_carea' id='block_1_17' title="bbox 123 2338 1355 2602">
    <p class='ocr_par' dir='ltr' id='par_1_18' title="bbox 123 2338 1355 2602">
     <span class='ocr_line' id='line_1_32' title="bbox 123 2338 1355 2397; baseline 0.002 -16"><span class='ocrx_word' id='word_1_242' title='bbox 123 2351 187 2380; x_wconf 90' lang='grc'>507</span> <span class='ocrx_word' id='word_1_243' title='bbox 205 2341 278 2382; x_wconf 88' lang='grc' dir='ltr'>καὶ</span> <span class='ocrx_word' id='word_1_244' title='bbox 307 2339 400 2382; x_wconf 96' lang='grc' dir='ltr'>νόον</span> <span class='ocrx_word' id='word_1_245' title='bbox 431 2340 473 2382; x_wconf 87' lang='grc' dir='ltr'>ἐν</span> <span class='ocrx_word' id='word_1_246' title='bbox 503 2338 707 2395; x_wconf 76' lang='grc' dir='ltr'>στήθεσσι</span> <span class='ocrx_word' id='word_1_247' title='bbox 738 2339 907 2381; x_wconf 92' lang='grc' dir='ltr'>δέδοικα</span> <span class='ocrx_word' id='word_1_248' title='bbox 939 2341 985 2381; x_wconf 83' lang='grc' dir='ltr'>δὲ</span> <span class='ocrx_word' id='word_1_249' title='bbox 1016 2339 1074 2397; x_wconf 86' lang='grc' dir='ltr'>μή</span> <span class='ocrx_word' id='word_1_250' title='bbox 1104 2355 1140 2382; x_wconf 90' lang='grc' dir='ltr'>τι</span> <span class='ocrx_word' id='word_1_251' title='bbox 1171 2340 1355 2397; x_wconf 84' lang='grc' dir='ltr'>μάταιον,</span> 
     </span>
     <span class='ocr_line' id='line_1_33' title="bbox 124 2407 1350 2465; baseline 0.002 -16"><span class='ocrx_word' id='word_1_252' title='bbox 124 2419 188 2449; x_wconf 90' lang='grc'>509</span> <span class='ocrx_word' id='word_1_253' title='bbox 207 2409 319 2451; x_wconf 80' lang='grc' dir='ltr'>οἶνοσ</span> <span class='ocrx_word' id='word_1_254' title='bbox 347 2407 567 2465; x_wconf 86' lang='grc' dir='ltr'>πινόμενοσ</span> <span class='ocrx_word' id='word_1_255' title='bbox 595 2408 771 2450; x_wconf 87' lang='grc' dir='ltr'>πολλοῖσ</span> <span class='ocrx_word' id='word_1_256' title='bbox 799 2409 935 2451; x_wconf 84' lang='grc' dir='ltr'>κακὸν</span> <span class='ocrx_word' id='word_1_257' title='bbox 964 2408 1016 2464; x_wconf 80' lang='grc' dir='ltr'>ἥν</span> <span class='ocrx_word' id='word_1_258' title='bbox 1047 2408 1093 2450; x_wconf 92' lang='grc' dir='ltr'>δέ</span> <span class='ocrx_word' id='word_1_259' title='bbox 1122 2423 1186 2451; x_wconf 90' lang='grc' dir='ltr'>τισ</span> <span class='ocrx_word' id='word_1_260' title='bbox 1216 2408 1350 2452; x_wconf 84' lang='grc' dir='ltr'>αὐτῶν</span> 
     </span>
     <span class='ocr_line' id='line_1_34' title="bbox 124 2475 1313 2533; baseline 0.003 -17"><span class='ocrx_word' id='word_1_261' title='bbox 124 2489 186 2517; x_wconf 84' lang='grc'>511</span> <span class='ocrx_word' id='word_1_262' title='bbox 205 2476 346 2533; x_wconf 81' lang='grc' dir='ltr'>ἧλθεσ</span> <span class='ocrx_word' id='word_1_263' title='bbox 376 2475 428 2533; x_wconf 82' lang='grc' dir='ltr'>δη</span> <span class='ocrx_word' id='word_1_264' title='bbox 459 2475 679 2532; x_wconf 88' lang='grc' dir='ltr'>κλεάριστε</span> <span class='ocrx_word' id='word_1_265' title='bbox 711 2475 847 2533; x_wconf 75' lang='grc' dir='ltr'>βαθὺν</span> <span class='ocrx_word' id='word_1_266' title='bbox 877 2476 944 2519; x_wconf 83' lang='grc' dir='ltr'>διὰ</span> <span class='ocrx_word' id='word_1_267' title='bbox 974 2475 1121 2520; x_wconf 83' lang='grc' dir='ltr'>πόντον</span> <span class='ocrx_word' id='word_1_268' title='bbox 1153 2477 1313 2520; x_wconf 78' lang='grc' dir='ltr'>ἀνυσασ</span> 
     </span>
     <span class='ocr_line' id='line_1_35' title="bbox 124 2544 1277 2602; baseline 0.001 -16"><span class='ocrx_word' id='word_1_269' title='bbox 124 2557 188 2586; x_wconf 89' lang='grc'>513</span> <span class='ocrx_word' id='word_1_270' title='bbox 205 2544 310 2601; x_wconf 93' lang='grc' dir='ltr'>νηόσ</span> <span class='ocrx_word' id='word_1_271' title='bbox 337 2560 399 2588; x_wconf 91' lang='grc' dir='ltr'>τοι</span> <span class='ocrx_word' id='word_1_272' title='bbox 428 2545 653 2601; x_wconf 82' lang='grc' dir='ltr'>πλευρῆσιν</span> <span class='ocrx_word' id='word_1_273' title='bbox 683 2544 761 2587; x_wconf 80' lang='grc' dir='ltr'>ὑπὸ</span> <span class='ocrx_word' id='word_1_274' title='bbox 793 2544 900 2601; x_wconf 81' lang='grc' dir='ltr'>ζυγὰ</span> <span class='ocrx_word' id='word_1_275' title='bbox 929 2545 1121 2602; x_wconf 85' lang='grc' dir='ltr'>θήσομεν</span> <span class='ocrx_word' id='word_1_276' title='bbox 1150 2544 1277 2602; x_wconf 81' lang='grc' dir='ltr'>ήμεῖσ</span> 
     </span>
    </p>
   </div>
   <div class='ocr_carea' id='block_1_18' title="bbox 125 2609 1426 2671">
    <p class='ocr_par' dir='ltr' id='par_1_19' title="bbox 125 2609 1426 2671">
     <span class='ocr_line' id='line_1_36' title="bbox 125 2609 1426 2671; baseline 0.002 -17"><span class='ocrx_word' id='word_1_277' title='bbox 125 2625 189 2655; x_wconf 87' lang='lat'>515</span> <span class='ocrx_word' id='word_1_278' title='bbox 206 2615 286 2657; x_wconf 83' lang='grc' dir='ltr'>τῶν</span> <span class='ocrx_word' id='word_1_279' title='bbox 318 2609 357 2656; x_wconf 72' lang='grc' dir='ltr'>δ’</span> <span class='ocrx_word' id='word_1_280' title='bbox 390 2613 516 2657; x_wconf 83' lang='grc' dir='ltr'>ὄντων</span> <span class='ocrx_word' id='word_1_281' title='bbox 545 2612 597 2655; x_wconf 84' lang='grc' dir='ltr'>τὰ</span> <span class='ocrx_word' id='word_1_282' title='bbox 627 2613 774 2669; x_wconf 84' lang='grc' dir='ltr'>ἄριστα</span> <span class='ocrx_word' id='word_1_283' title='bbox 803 2614 1035 2671; x_wconf 84' lang='grc' dir='ltr'>παρέξομεν</span> <span class='ocrx_word' id='word_1_284' title='bbox 1065 2613 1116 2670; x_wconf 79' lang='grc' dir='ltr'>ἥν</span> <span class='ocrx_word' id='word_1_285' title='bbox 1147 2614 1194 2656; x_wconf 93' lang='grc' dir='ltr'>δέ</span> <span class='ocrx_word' id='word_1_286' title='bbox 1223 2629 1287 2656; x_wconf 91' lang='grc' dir='ltr'>τισ</span> <span class='ocrx_word' id='word_1_287' title='bbox 1317 2614 1426 2671; x_wconf 86' lang='grc' dir='ltr'>ἔλθη</span> 
     </span>
    </p>
   </div>
   <div class='ocr_carea' id='block_1_19' title="bbox 125 2680 1339 2807">
    <p class='ocr_par' dir='ltr' id='par_1_20' title="bbox 125 2680 1339 2807">
     <span class='ocr_line' id='line_1_37' title="bbox 125 2680 1339 2739; baseline 0.002 -16"><span class='ocrx_word' id='word_1_288' title='bbox 125 2694 189 2723; x_wconf 89' lang='grc'>517</span> <span class='ocrx_word' id='word_1_289' title='bbox 209 2681 295 2724; x_wconf 81' lang='grc' dir='ltr'>οὔτ’</span> <span class='ocrx_word' id='word_1_290' title='bbox 329 2683 387 2724; x_wconf 88' lang='grc' dir='ltr'>ἔτι</span> <span class='ocrx_word' id='word_1_291' title='bbox 417 2682 496 2725; x_wconf 83' lang='grc' dir='ltr'>τῶν</span> <span class='ocrx_word' id='word_1_292' title='bbox 525 2681 652 2725; x_wconf 84' lang='grc' dir='ltr'>ὄντων</span> <span class='ocrx_word' id='word_1_293' title='bbox 682 2681 958 2739; x_wconf 81' lang='grc' dir='ltr'>ἀποθήσομαι</span> <span class='ocrx_word' id='word_1_294' title='bbox 988 2680 1075 2725; x_wconf 78' lang='grc' dir='ltr'>οὔτ’</span> <span class='ocrx_word' id='word_1_295' title='bbox 1111 2683 1168 2724; x_wconf 90' lang='grc' dir='ltr'>ἔτι</span> <span class='ocrx_word' id='word_1_296' title='bbox 1200 2683 1339 2739; x_wconf 80' lang='grc' dir='ltr'>μεῖζον</span> 
     </span>
     <span class='ocr_line' id='line_1_38' title="bbox 125 2747 1291 2807; baseline 0.002 -16"><span class='ocrx_word' id='word_1_297' title='bbox 125 2761 190 2791; x_wconf 91' lang='grc'>519</span> <span class='ocrx_word' id='word_1_298' title='bbox 209 2747 259 2806; x_wconf 80' lang='grc' dir='ltr'>ἤν</span> <span class='ocrx_word' id='word_1_299' title='bbox 291 2750 336 2793; x_wconf 87' lang='grc' dir='ltr'>δέ</span> <span class='ocrx_word' id='word_1_300' title='bbox 365 2765 430 2792; x_wconf 87' lang='grc' dir='ltr'>τισ</span> <span class='ocrx_word' id='word_1_301' title='bbox 461 2751 609 2806; x_wconf 79' lang='grc' dir='ltr'>εἰρώτα</span> <span class='ocrx_word' id='word_1_302' title='bbox 639 2748 708 2793; x_wconf 79' lang='grc' dir='ltr'>τὸν</span> <span class='ocrx_word' id='word_1_303' title='bbox 740 2749 838 2806; x_wconf 85' lang='grc' dir='ltr'>ἐμὸν</span> <span class='ocrx_word' id='word_1_304' title='bbox 870 2751 955 2807; x_wconf 85' lang='grc' dir='ltr'>βίον</span> <span class='ocrx_word' id='word_1_305' title='bbox 987 2750 1069 2793; x_wconf 83' lang='grc' dir='ltr'>ὧδέ</span> <span class='ocrx_word' id='word_1_306' title='bbox 1099 2751 1138 2793; x_wconf 77' lang='grc' dir='ltr'>οἱ</span> <span class='ocrx_word' id='word_1_307' title='bbox 1167 2751 1291 2794; x_wconf 88' lang='grc' dir='ltr'>εἰπεῖν</span> 
     </span>
    </p>
   </div>
   <div class='ocr_carea' id='block_1_20' title="bbox 146 2946 665 2950">
    <p class='ocr_par' dir='ltr' id='par_1_21' title="bbox 146 2946 665 2950">
     <span class='ocr_line' id='line_1_39' title="bbox 146 2946 665 2950; baseline 0 0"><span class='ocrx_word' id='word_1_308' title='bbox 146 2946 665 2950; x_wconf 95' lang='lat' dir='ltr'> </span> 
     </span>
    </p>
   </div>
   <div class='ocr_carea' id='block_1_21' title="bbox 124 3022 2840 3300">
    <p class='ocr_par' dir='ltr' id='par_1_22' title="bbox 124 3022 2840 3300">
     <span class='ocr_line' id='line_1_40' title="bbox 327 3022 2840 3069; baseline 0.001 -12"><span class='ocrx_word' id='word_1_309' title='bbox 327 3022 394 3058; x_wconf 96' lang='grc'>451</span> <span class='ocrx_word' id='word_1_310' title='bbox 426 3027 549 3058; x_wconf 86' lang='lat' dir='ltr'><strong>utrum</strong></span> <span class='ocrx_word' id='word_1_311' title='bbox 580 3024 630 3057; x_wconf 84' lang='grc' dir='ltr'>ἰὸν</span> <span class='ocrx_word' id='word_1_312' title='bbox 662 3024 838 3068; x_wconf 83' lang='lat' dir='ltr'>scriptum</span> <span class='ocrx_word' id='word_1_313' title='bbox 870 3025 916 3059; x_wconf 83' lang='lat' dir='ltr'>sit</span> <span class='ocrx_word' id='word_1_314' title='bbox 941 3036 989 3060; x_wconf 86' lang='lat' dir='ltr'>an</span> <span class='ocrx_word' id='word_1_315' title='bbox 1021 3025 1075 3059; x_wconf 84' lang='grc' dir='ltr'>ἰὸσ</span> <span class='ocrx_word' id='word_1_316' title='bbox 1105 3036 1153 3059; x_wconf 84' lang='lat' dir='ltr'>an</span> <span class='ocrx_word' id='word_1_317' title='bbox 1187 3025 1237 3059; x_wconf 88' lang='grc' dir='ltr'>ἰὸν</span> <span class='ocrx_word' id='word_1_318' title='bbox 1262 3037 1306 3060; x_wconf 87' lang='lat' dir='ltr'>ex</span> <span class='ocrx_word' id='word_1_319' title='bbox 1332 3025 1386 3059; x_wconf 89' lang='grc' dir='ltr'>ἰόσ</span> <span class='ocrx_word' id='word_1_320' title='bbox 1411 3028 1615 3060; x_wconf 81' lang='lat' dir='ltr'>correctum</span> <span class='ocrx_word' id='word_1_321' title='bbox 1641 3035 1689 3059; x_wconf 84' lang='lat' dir='ltr'>an</span> <span class='ocrx_word' id='word_1_322' title='bbox 1715 3024 1768 3058; x_wconf 88' lang='grc' dir='ltr'>ἰὸσ</span> <span class='ocrx_word' id='word_1_323' title='bbox 1793 3035 1837 3059; x_wconf 86' lang='lat' dir='ltr'>ex</span> <span class='ocrx_word' id='word_1_324' title='bbox 1863 3025 1913 3058; x_wconf 85' lang='grc' dir='ltr'>ἰὸν</span> <span class='ocrx_word' id='word_1_325' title='bbox 1939 3028 2153 3066; x_wconf 82' lang='lat' dir='ltr'>correctum,</span> <span class='ocrx_word' id='word_1_326' title='bbox 2178 3025 2359 3059; x_wconf 82' lang='lat' dir='ltr'>incertum</span> <span class='ocrx_word' id='word_1_327' title='bbox 2385 3027 2442 3058; x_wconf 83' lang='lat' dir='ltr'>est</span> <span class='ocrx_word' id='word_1_328' title='bbox 2484 3024 2488 3069; x_wconf 99' lang='grc' dir='ltr'>Ι</span> <span class='ocrx_word' id='word_1_329' title='bbox 2530 3024 2600 3059; x_wconf 83' lang='lat'>453</span> <span class='ocrx_word' id='word_1_330' title='bbox 2625 3035 2735 3067; x_wconf 85' lang='grc' dir='ltr'>μεροσ</span> <span class='ocrx_word' id='word_1_331' title='bbox 2758 3024 2840 3059; x_wconf 81' lang='lat' dir='ltr'>sine</span> 
     </span>
     <span class='ocr_line' id='line_1_41' title="bbox 126 3078 2840 3128; baseline 0 -14"><span class='ocrx_word' id='word_1_332' title='bbox 126 3084 280 3115; x_wconf 83' lang='lat' dir='ltr'>accentu</span> <span class='ocrx_word' id='word_1_333' title='bbox 308 3080 311 3126; x_wconf 93' lang='grc' dir='ltr'>Ι</span> <span class='ocrx_word' id='word_1_334' title='bbox 337 3081 407 3115; x_wconf 85' lang='grc'>453</span> <span class='ocrx_word' id='word_1_335' title='bbox 433 3081 555 3124; x_wconf 86' lang='grc' dir='ltr'>ὥσπαρ</span> <span class='ocrx_word' id='word_1_336' title='bbox 581 3081 662 3126; x_wconf 84' lang='lat' dir='ltr'>(sic)</span> <span class='ocrx_word' id='word_1_337' title='bbox 691 3081 694 3127; x_wconf 94' lang='grc' dir='ltr'>Ι</span> <span class='ocrx_word' id='word_1_338' title='bbox 722 3081 791 3116; x_wconf 87' lang='grc'>456</span> <span class='ocrx_word' id='word_1_339' title='bbox 817 3082 897 3115; x_wconf 83' lang='grc' dir='ltr'>ένὸσ</span> <span class='ocrx_word' id='word_1_340' title='bbox 922 3082 1002 3127; x_wconf 85' lang='lat' dir='ltr'>(sic)</span> <span class='ocrx_word' id='word_1_341' title='bbox 1037 3082 1040 3127; x_wconf 91' lang='grc' dir='ltr'>Ι</span> <span class='ocrx_word' id='word_1_342' title='bbox 1074 3082 1142 3117; x_wconf 90' lang='grc'>467</span> <span class='ocrx_word' id='word_1_343' title='bbox 1169 3085 1304 3126; x_wconf 80' lang='grc' dir='ltr'>μηδένα</span> <span class='ocrx_word' id='word_1_344' title='bbox 1329 3093 1373 3117; x_wconf 88' lang='lat' dir='ltr'>ex</span> <span class='ocrx_word' id='word_1_345' title='bbox 1399 3083 1536 3127; x_wconf 75' lang='grc' dir='ltr'>μηδένα</span> <span class='ocrx_word' id='word_1_346' title='bbox 1561 3086 1766 3117; x_wconf 84' lang='lat' dir='ltr'>correctum</span> <span class='ocrx_word' id='word_1_347' title='bbox 1800 3082 1804 3128; x_wconf 93' lang='grc' dir='ltr'>Ι</span> <span class='ocrx_word' id='word_1_348' title='bbox 1837 3082 1908 3117; x_wconf 87' lang='grc'>468</span> <span class='ocrx_word' id='word_1_349' title='bbox 1933 3080 2091 3117; x_wconf 73' lang='grc' dir='ltr'>ἐθέλοντ’</span> <span class='ocrx_word' id='word_1_350' title='bbox 2121 3082 2201 3117; x_wconf 85' lang='lat' dir='ltr'>sine</span> <span class='ocrx_word' id='word_1_351' title='bbox 2226 3084 2380 3116; x_wconf 87' lang='lat' dir='ltr'>accentu</span> <span class='ocrx_word' id='word_1_352' title='bbox 2408 3081 2412 3127; x_wconf 96' lang='grc' dir='ltr'>Ι</span> <span class='ocrx_word' id='word_1_353' title='bbox 2446 3082 2514 3116; x_wconf 89' lang='grc'>471</span> <span class='ocrx_word' id='word_1_354' title='bbox 2539 3078 2655 3115; x_wconf 68' lang='grc' dir='ltr'>κέλευ’</span> <span class='ocrx_word' id='word_1_355' title='bbox 2683 3079 2840 3115; x_wconf 79' lang='grc' dir='ltr'>ἀέκοντα</span> 
     </span>
     <span class='ocr_line' id='line_1_42' title="bbox 126 3136 2840 3185; baseline 0 -13"><span class='ocrx_word' id='word_1_356' title='bbox 126 3137 205 3171; x_wconf 86' lang='lat' dir='ltr'>sine</span> <span class='ocrx_word' id='word_1_357' title='bbox 231 3138 442 3173; x_wconf 77' lang='lat' dir='ltr'>accentibus</span> <span class='ocrx_word' id='word_1_358' title='bbox 481 3138 484 3184; x_wconf 95' lang='grc' dir='ltr'>Ι</span> <span class='ocrx_word' id='word_1_359' title='bbox 523 3139 591 3173; x_wconf 88' lang='grc'>476</span> <span class='ocrx_word' id='word_1_360' title='bbox 617 3136 734 3173; x_wconf 76' lang='grc' dir='ltr'>οἴκαδ’</span> <span class='ocrx_word' id='word_1_361' title='bbox 765 3139 846 3184; x_wconf 87' lang='lat' dir='ltr'>(sic)</span> <span class='ocrx_word' id='word_1_362' title='bbox 880 3139 883 3185; x_wconf 95' lang='grc' dir='ltr'>Ι</span> <span class='ocrx_word' id='word_1_363' title='bbox 917 3139 986 3173; x_wconf 88' lang='grc'>477</span> <span class='ocrx_word' id='word_1_364' title='bbox 1010 3141 1189 3173; x_wconf 82' lang='grc' dir='ltr'>πεποσθαι</span> <span class='ocrx_word' id='word_1_365' title='bbox 1212 3142 1537 3184; x_wconf 82' lang='lat' dir='ltr'><strong>proparoxytonon</strong></span> <span class='ocrx_word' id='word_1_366' title='bbox 1564 3140 1713 3184; x_wconf 87' lang='lat' dir='ltr'>quidem</span> <span class='ocrx_word' id='word_1_367' title='bbox 1738 3143 1804 3181; x_wconf 84' lang='lat' dir='ltr'>est,</span> <span class='ocrx_word' id='word_1_368' title='bbox 1829 3141 1896 3175; x_wconf 85' lang='lat' dir='ltr'>sed</span> <span class='ocrx_word' id='word_1_369' title='bbox 1921 3140 2080 3175; x_wconf 84' lang='lat' dir='ltr'><strong>fortasse</strong></span> <span class='ocrx_word' id='word_1_370' title='bbox 2105 3139 2214 3184; x_wconf 89' lang='lat' dir='ltr'>spatii</span> <span class='ocrx_word' id='word_1_371' title='bbox 2239 3139 2419 3183; x_wconf 85' lang='lat' dir='ltr'>angustiis</span> <span class='ocrx_word' id='word_1_372' title='bbox 2444 3150 2644 3184; x_wconf 81' lang='lat' dir='ltr'>oppressus</span> <span class='ocrx_word' id='word_1_373' title='bbox 2667 3139 2840 3174; x_wconf 88' lang='lat' dir='ltr'>librarius</span> 
     </span>
     <span class='ocr_line' id='line_1_43' title="bbox 126 3194 2836 3242; baseline 0.001 -14"><span class='ocrx_word' id='word_1_374' title='bbox 126 3194 178 3228; x_wconf 86' lang='lat' dir='ltr'>sic</span> <span class='ocrx_word' id='word_1_375' title='bbox 203 3195 348 3239; x_wconf 83' lang='lat' dir='ltr'>scripsit</span> <span class='ocrx_word' id='word_1_376' title='bbox 378 3207 444 3240; x_wconf 88' lang='lat' dir='ltr'>pro</span> <span class='ocrx_word' id='word_1_377' title='bbox 471 3207 527 3237; x_wconf 83' lang='lat' dir='ltr'>eo,</span> <span class='ocrx_word' id='word_1_378' title='bbox 561 3197 661 3240; x_wconf 89' lang='lat' dir='ltr'>quod</span> <span class='ocrx_word' id='word_1_379' title='bbox 685 3197 846 3237; x_wconf 79' lang='lat' dir='ltr'>volebat,</span> <span class='ocrx_word' id='word_1_380' title='bbox 878 3197 1056 3230; x_wconf 84' lang='grc' dir='ltr'>πεπόσθαι</span> <span class='ocrx_word' id='word_1_381' title='bbox 1084 3197 1087 3242; x_wconf 96' lang='grc' dir='ltr'>Ι</span> <span class='ocrx_word' id='word_1_382' title='bbox 1113 3197 1183 3231; x_wconf 74' lang='lat'>492</span> <span class='ocrx_word' id='word_1_383' title='bbox 1213 3197 1353 3231; x_wconf 84' lang='grc' dir='ltr'>πολλὰσ</span> <span class='ocrx_word' id='word_1_384' title='bbox 1378 3208 1423 3232; x_wconf 86' lang='lat' dir='ltr'>ex</span> <span class='ocrx_word' id='word_1_385' title='bbox 1447 3198 1563 3232; x_wconf 84' lang='grc' dir='ltr'>πολλά</span> <span class='ocrx_word' id='word_1_386' title='bbox 1590 3197 1739 3239; x_wconf 77' lang='lat' dir='ltr'>factum,</span> <span class='ocrx_word' id='word_1_387' title='bbox 1770 3200 1811 3232; x_wconf 82' lang='lat' dir='ltr'>ut</span> <span class='ocrx_word' id='word_1_388' title='bbox 1834 3197 1978 3232; x_wconf 81' lang='lat' dir='ltr'>videtur</span> <span class='ocrx_word' id='word_1_389' title='bbox 2012 3196 2016 3242; x_wconf 94' lang='grc' dir='ltr'>Ι</span> <span class='ocrx_word' id='word_1_390' title='bbox 2050 3198 2120 3232; x_wconf 88' lang='grc'>495</span> <span class='ocrx_word' id='word_1_391' title='bbox 2144 3196 2257 3230; x_wconf 84' lang='grc' dir='ltr'>ἅπασι</span> <span class='ocrx_word' id='word_1_392' title='bbox 2281 3197 2457 3241; x_wconf 84' lang='lat' dir='ltr'>scriptum</span> <span class='ocrx_word' id='word_1_393' title='bbox 2482 3199 2549 3237; x_wconf 80' lang='lat' dir='ltr'><strong>est,</strong></span> <span class='ocrx_word' id='word_1_394' title='bbox 2574 3207 2651 3231; x_wconf 90' lang='lat' dir='ltr'>non</span> <span class='ocrx_word' id='word_1_395' title='bbox 2674 3195 2804 3230; x_wconf 80' lang='grc' dir='ltr'>ἅπασιν</span> <span class='ocrx_word' id='word_1_396' title='bbox 2829 3195 2836 3241; x_wconf 86' lang='grc' dir='ltr'>Ι</span> 
     </span>
     <span class='ocr_line' id='line_1_44' title="bbox 124 3251 2840 3300; baseline 0 -14"><span class='ocrx_word' id='word_1_397' title='bbox 124 3251 190 3286; x_wconf 91' lang='grc'>501</span> <span class='ocrx_word' id='word_1_398' title='bbox 217 3251 331 3296; x_wconf 88' lang='grc' dir='ltr'>ἤρατο</span> <span class='ocrx_word' id='word_1_399' title='bbox 358 3263 401 3286; x_wconf 86' lang='lat' dir='ltr'>ex</span> <span class='ocrx_word' id='word_1_400' title='bbox 425 3252 531 3297; x_wconf 86' lang='grc' dir='ltr'>ἤρατι</span> <span class='ocrx_word' id='word_1_401' title='bbox 555 3256 760 3288; x_wconf 75' lang='lat' dir='ltr'>correctum</span> <span class='ocrx_word' id='word_1_402' title='bbox 788 3253 791 3298; x_wconf 95' lang='grc' dir='ltr'>Ι</span> <span class='ocrx_word' id='word_1_403' title='bbox 818 3254 887 3288; x_wconf 86' lang='grc'>505</span> <span class='ocrx_word' id='word_1_404' title='bbox 911 3257 1061 3298; x_wconf 76' lang='lat' dir='ltr'>propter</span> <span class='ocrx_word' id='word_1_405' title='bbox 1087 3254 1195 3298; x_wconf 82' lang='lat' dir='ltr'>spatii</span> <span class='ocrx_word' id='word_1_406' title='bbox 1221 3254 1410 3298; x_wconf 83' lang='lat' dir='ltr'>angustias</span> <span class='ocrx_word' id='word_1_407' title='bbox 1434 3252 1530 3289; x_wconf 86' lang='grc' dir='ltr'>ἀλλοί</span> <span class='ocrx_word' id='word_1_408' title='bbox 1565 3266 1609 3290; x_wconf 85' lang='lat' dir='ltr'>eo</span> <span class='ocrx_word' id='word_1_409' title='bbox 1635 3266 1709 3300; x_wconf 89' lang='lat' dir='ltr'>quo</span> <span class='ocrx_word' id='word_1_410' title='bbox 1741 3255 1871 3290; x_wconf 81' lang='lat' dir='ltr'>imitati</span> <span class='ocrx_word' id='word_1_411' title='bbox 1896 3266 2022 3297; x_wconf 88' lang='lat' dir='ltr'>sumus</span> <span class='ocrx_word' id='word_1_412' title='bbox 2051 3255 2164 3289; x_wconf 89' lang='lat' dir='ltr'>modo</span> <span class='ocrx_word' id='word_1_413' title='bbox 2195 3254 2372 3299; x_wconf 83' lang='lat' dir='ltr'>scriptum</span> <span class='ocrx_word' id='word_1_414' title='bbox 2397 3257 2454 3289; x_wconf 74' lang='lat' dir='ltr'>est</span> <span class='ocrx_word' id='word_1_415' title='bbox 2480 3253 2484 3299; x_wconf 94' lang='grc' dir='ltr'>Ι</span> <span class='ocrx_word' id='word_1_416' title='bbox 2511 3254 2581 3288; x_wconf 89' lang='grc'>516</span> <span class='ocrx_word' id='word_1_417' title='bbox 2605 3255 2702 3297; x_wconf 80' lang='grc' dir='ltr'>ἔχεισ</span> <span class='ocrx_word' id='word_1_418' title='bbox 2726 3264 2840 3298; x_wconf 85' lang='lat' dir='ltr'><strong>quam</strong></span> 
     </span>
    </p>
   </div>
   <div class='ocr_carea' id='block_1_22' title="bbox 126 3310 1005 3356">
    <p class='ocr_par' dir='ltr' id='par_1_23' title="bbox 126 3310 1005 3356">
     <span class='ocr_line' id='line_1_45' title="bbox 126 3310 1005 3356; baseline 0.005 -14"><span class='ocrx_word' id='word_1_419' title='bbox 126 3311 201 3352; x_wconf 85' lang='grc' dir='ltr'>ἔχει</span> <span class='ocrx_word' id='word_1_420' title='bbox 226 3310 399 3354; x_wconf 83' lang='lat' dir='ltr'>scriptum</span> <span class='ocrx_word' id='word_1_421' title='bbox 432 3322 514 3345; x_wconf 85' lang='lat' dir='ltr'>esse</span> <span class='ocrx_word' id='word_1_422' title='bbox 539 3312 655 3346; x_wconf 84' lang='lat' dir='ltr'>multo</span> <span class='ocrx_word' id='word_1_423' title='bbox 684 3311 912 3356; x_wconf 86' lang='lat' dir='ltr'>probabilius</span> <span class='ocrx_word' id='word_1_424' title='bbox 939 3315 1005 3346; x_wconf 81' lang='lat' dir='ltr'><strong>est.</strong></span> 
     </span>
    </p>
   </div>
   <div class='ocr_carea' id='block_1_23' title="bbox 1896 312 2419 356">
    <p class='ocr_par' dir='ltr' id='par_1_24' title="bbox 1896 312 2419 356">
     <span class='ocr_line' id='line_1_46' title="bbox 1896 312 2419 356; baseline 0.002 -1"><span class='ocrx_word' id='word_1_425' title='bbox 1896 312 1990 355; x_wconf 82' lang='lat' dir='ltr'>folii</span> <span class='ocrx_word' id='word_1_426' title='bbox 2019 313 2103 355; x_wconf 74' lang='grc' dir='ltr'>28ν</span> <span class='ocrx_word' id='word_1_427' title='bbox 2135 314 2344 356; x_wconf 86' lang='lat' dir='ltr'>columna</span> <span class='ocrx_word' id='word_1_428' title='bbox 2372 313 2419 355; x_wconf 91' lang='lat' dir='ltr'>IL</span> 
     </span>
    </p>
   </div>
   <div class='ocr_carea' id='block_1_24' title="bbox 1532 389 2748 2227">
    <p class='ocr_par' dir='ltr' id='par_1_25' title="bbox 1533 389 2594 583">
     <span class='ocr_line' id='line_1_47' title="bbox 1534 389 2576 449; baseline 0.007 -20"><span class='ocrx_word' id='word_1_429' title='bbox 1534 400 1600 430; x_wconf 85' lang='grc'>452</span> <span class='ocrx_word' id='word_1_430' title='bbox 1618 389 1710 433; x_wconf 76' lang='grc' dir='ltr'>οὐδ’</span> <span class='ocrx_word' id='word_1_431' title='bbox 1743 390 1879 447; x_wconf 80' lang='grc' dir='ltr'>εὐρώσ</span> <span class='ocrx_word' id='word_1_432' title='bbox 1909 393 1989 435; x_wconf 84' lang='grc' dir='ltr'>αἰεί</span> <span class='ocrx_word' id='word_1_433' title='bbox 2018 390 2059 435; x_wconf 76' lang='grc' dir='ltr'>δ’</span> <span class='ocrx_word' id='word_1_434' title='bbox 2094 392 2230 445; x_wconf 75' lang='grc' dir='ltr'>ἄνθοσ</span> <span class='ocrx_word' id='word_1_435' title='bbox 2260 394 2351 449; x_wconf 81' lang='grc' dir='ltr'>ἔχει</span> <span class='ocrx_word' id='word_1_436' title='bbox 2379 393 2576 448; x_wconf 87' lang='grc' dir='ltr'>καθαρὸν</span> 
     </span>
     <span class='ocr_line' id='line_1_48' title="bbox 1534 458 2594 517; baseline 0.005 -19"><span class='ocrx_word' id='word_1_437' title='bbox 1534 469 1601 500; x_wconf 88' lang='grc'>454</span> <span class='ocrx_word' id='word_1_438' title='bbox 1618 460 1691 501; x_wconf 80' lang='grc' dir='ltr'>καὶ</span> <span class='ocrx_word' id='word_1_439' title='bbox 1721 458 1898 515; x_wconf 82' lang='grc' dir='ltr'>σώφρων</span> <span class='ocrx_word' id='word_1_440' title='bbox 1927 459 2063 504; x_wconf 86' lang='grc' dir='ltr'>οὕτωσ</span> <span class='ocrx_word' id='word_1_441' title='bbox 2092 460 2232 517; x_wconf 84' lang='grc' dir='ltr'>ὥσπερ</span> <span class='ocrx_word' id='word_1_442' title='bbox 2264 461 2408 517; x_wconf 87' lang='grc' dir='ltr'>ἄφρων</span> <span class='ocrx_word' id='word_1_443' title='bbox 2438 461 2594 517; x_wconf 80' lang='grc' dir='ltr'>ἐγένου,</span> 
     </span>
     <span class='ocr_line' id='line_1_49' title="bbox 1533 524 2490 583; baseline 0.005 -16"><span class='ocrx_word' id='word_1_444' title='bbox 1533 537 1599 567; x_wconf 90' lang='grc'>456</span> <span class='ocrx_word' id='word_1_445' title='bbox 1617 526 1753 570; x_wconf 84' lang='grc' dir='ltr'>οὕτωσ</span> <span class='ocrx_word' id='word_1_446' title='bbox 1783 526 1923 583; x_wconf 82' lang='grc' dir='ltr'>ὥσπερ</span> <span class='ocrx_word' id='word_1_447' title='bbox 1953 528 2022 571; x_wconf 85' lang='grc' dir='ltr'>νῦν</span> <span class='ocrx_word' id='word_1_448' title='bbox 2051 524 2143 571; x_wconf 78' lang='grc' dir='ltr'>οὐδ’</span> <span class='ocrx_word' id='word_1_449' title='bbox 2178 528 2274 572; x_wconf 86' lang='grc' dir='ltr'>ἐνὸσ</span> <span class='ocrx_word' id='word_1_450' title='bbox 2303 529 2420 582; x_wconf 82' lang='grc' dir='ltr'>ἄξιοσ</span> <span class='ocrx_word' id='word_1_451' title='bbox 2450 530 2490 572; x_wconf 83' lang='grc' dir='ltr'>εἰ</span> 
     </span>
    </p>

    <p class='ocr_par' dir='ltr' id='par_1_26' title="bbox 1536 591 2564 792">
     <span class='ocr_line' id='line_1_50' title="bbox 1539 591 2526 652; baseline 0.005 -16"><span class='ocrx_word' id='word_1_452' title='bbox 1539 605 1605 636; x_wconf 90' lang='grc'>458</span> <span class='ocrx_word' id='word_1_453' title='bbox 1623 591 1672 638; x_wconf 79' lang='grc' dir='ltr'>οὖ</span> <span class='ocrx_word' id='word_1_454' title='bbox 1701 594 1784 652; x_wconf 84' lang='grc' dir='ltr'>γὰρ</span> <span class='ocrx_word' id='word_1_455' title='bbox 1814 596 2008 652; x_wconf 90' lang='grc' dir='ltr'>πηδαλίω</span> <span class='ocrx_word' id='word_1_456' title='bbox 2036 597 2230 640; x_wconf 85' lang='grc' dir='ltr'>πείθεται</span> <span class='ocrx_word' id='word_1_457' title='bbox 2259 596 2321 641; x_wconf 83' lang='grc' dir='ltr'>ώσ</span> <span class='ocrx_word' id='word_1_458' title='bbox 2352 598 2526 641; x_wconf 84' lang='grc' dir='ltr'>ἄκατοσ.</span> 
     </span>
     <span class='ocr_line' id='line_1_51' title="bbox 1536 663 2564 723; baseline 0.005 -19"><span class='ocrx_word' id='word_1_459' title='bbox 1536 674 1602 704; x_wconf 88' lang='grc'>460</span> <span class='ocrx_word' id='word_1_460' title='bbox 1618 663 1827 706; x_wconf 91' lang='grc' dir='ltr'>πολλάκισ</span> <span class='ocrx_word' id='word_1_461' title='bbox 1857 665 1908 707; x_wconf 88' lang='grc' dir='ltr'>ἐκ</span> <span class='ocrx_word' id='word_1_462' title='bbox 1937 665 2094 708; x_wconf 83' lang='grc' dir='ltr'>νυκτῶν</span> <span class='ocrx_word' id='word_1_463' title='bbox 2124 665 2252 709; x_wconf 88' lang='grc' dir='ltr'>ἄλλον</span> <span class='ocrx_word' id='word_1_464' title='bbox 2280 667 2371 723; x_wconf 80' lang='grc' dir='ltr'>ἔχει</span> <span class='ocrx_word' id='word_1_465' title='bbox 2399 666 2564 723; x_wconf 87' lang='grc' dir='ltr'>λιμένα·</span> 
     </span>
     <span class='ocr_line' id='line_1_52' title="bbox 1536 731 2491 792; baseline 0.006 -20"><span class='ocrx_word' id='word_1_466' title='bbox 1536 742 1602 773; x_wconf 93' lang='grc'>462</span> <span class='ocrx_word' id='word_1_467' title='bbox 1619 731 1810 789; x_wconf 86' lang='grc' dir='ltr'>χρήμασι</span> <span class='ocrx_word' id='word_1_468' title='bbox 1839 733 1919 775; x_wconf 84' lang='grc' dir='ltr'>τῶν</span> <span class='ocrx_word' id='word_1_469' title='bbox 1949 732 2094 776; x_wconf 85' lang='grc' dir='ltr'>ἄνυσισ</span> <span class='ocrx_word' id='word_1_470' title='bbox 2121 734 2276 790; x_wconf 88' lang='grc' dir='ltr'>γίνεται</span> <span class='ocrx_word' id='word_1_471' title='bbox 2306 734 2491 792; x_wconf 81' lang='grc' dir='ltr'>οὐδὲμία.</span> 
     </span>
    </p>

    <p class='ocr_par' dir='ltr' id='par_1_27' title="bbox 1532 800 2677 1475">
     <span class='ocr_line' id='line_1_53' title="bbox 1538 800 2677 859; baseline 0.004 -18"><span class='ocrx_word' id='word_1_472' title='bbox 1538 811 1605 842; x_wconf 87' lang='grc'>464</span> <span class='ocrx_word' id='word_1_473' title='bbox 1622 800 1711 843; x_wconf 83' lang='grc' dir='ltr'>οὔτ’</span> <span class='ocrx_word' id='word_1_474' title='bbox 1744 800 1911 858; x_wconf 85' lang='grc' dir='ltr'>ἀγαθὸν</span> <span class='ocrx_word' id='word_1_475' title='bbox 1940 801 2119 857; x_wconf 83' lang='grc' dir='ltr'>χαλεπῶ</span> <span class='ocrx_word' id='word_1_476' title='bbox 2149 801 2190 844; x_wconf 92' lang='grc' dir='ltr'>δ’</span> <span class='ocrx_word' id='word_1_477' title='bbox 2223 803 2397 859; x_wconf 76' lang='grc' dir='ltr'>ἔργματι</span> <span class='ocrx_word' id='word_1_478' title='bbox 2425 804 2558 846; x_wconf 86' lang='grc' dir='ltr'>κῦδοσ</span> <span class='ocrx_word' id='word_1_479' title='bbox 2586 804 2677 859; x_wconf 86' lang='grc' dir='ltr'>ἔχει</span> 
     </span>
     <span class='ocr_line' id='line_1_54' title="bbox 1537 868 2599 927; baseline 0.003 -17"><span class='ocrx_word' id='word_1_480' title='bbox 1537 879 1603 910; x_wconf 90' lang='grc'>466</span> <span class='ocrx_word' id='word_1_481' title='bbox 1621 868 1730 926; x_wconf 76' lang='grc' dir='ltr'>μηδέ</span> <span class='ocrx_word' id='word_1_482' title='bbox 1759 884 1808 912; x_wconf 89' lang='grc' dir='ltr'>σε</span> <span class='ocrx_word' id='word_1_483' title='bbox 1837 869 1991 912; x_wconf 85' lang='grc' dir='ltr'>νικάτω</span> <span class='ocrx_word' id='word_1_484' title='bbox 2021 870 2177 926; x_wconf 88' lang='grc' dir='ltr'>κέρδοσ</span> <span class='ocrx_word' id='word_1_485' title='bbox 2205 868 2269 913; x_wconf 78' lang='grc' dir='ltr'>ὅτ’</span> <span class='ocrx_word' id='word_1_486' title='bbox 2303 872 2477 927; x_wconf 85' lang='grc' dir='ltr'>αἰσχρὸν</span> <span class='ocrx_word' id='word_1_487' title='bbox 2506 872 2599 914; x_wconf 85' lang='grc' dir='ltr'>ἔθει</span> 
     </span>
     <span class='ocr_line' id='line_1_55' title="bbox 1535 936 2558 994; baseline 0.004 -16"><span class='ocrx_word' id='word_1_488' title='bbox 1535 947 1602 978; x_wconf 88' lang='grc'>468</span> <span class='ocrx_word' id='word_1_489' title='bbox 1620 936 1728 994; x_wconf 76' lang='grc' dir='ltr'>μηδὲ</span> <span class='ocrx_word' id='word_1_490' title='bbox 1757 937 1920 993; x_wconf 81' lang='grc' dir='ltr'>θύραζε</span> <span class='ocrx_word' id='word_1_491' title='bbox 1949 937 2092 980; x_wconf 84' lang='grc' dir='ltr'>κέλευ’</span> <span class='ocrx_word' id='word_1_492' title='bbox 2125 937 2204 980; x_wconf 80' lang='grc' dir='ltr'>οὐκ</span> <span class='ocrx_word' id='word_1_493' title='bbox 2234 938 2423 982; x_wconf 77' lang='grc' dir='ltr'>ἐθέλοντ’</span> <span class='ocrx_word' id='word_1_494' title='bbox 2456 939 2558 982; x_wconf 87' lang='grc' dir='ltr'>ἰέναι</span> 
     </span>
     <span class='ocr_line' id='line_1_56' title="bbox 1537 1005 2566 1063; baseline 0.004 -17"><span class='ocrx_word' id='word_1_495' title='bbox 1537 1016 1603 1046; x_wconf 91' lang='grc'>470</span> <span class='ocrx_word' id='word_1_496' title='bbox 1620 1005 1900 1062; x_wconf 88' lang='grc' dir='ltr'>θωρηχθέντ’</span> <span class='ocrx_word' id='word_1_497' title='bbox 1931 1007 2026 1049; x_wconf 83' lang='grc' dir='ltr'>οἴνω</span> <span class='ocrx_word' id='word_1_498' title='bbox 2058 1006 2291 1063; x_wconf 85' lang='grc' dir='ltr'>μαλθακὸσ</span> <span class='ocrx_word' id='word_1_499' title='bbox 2319 1006 2451 1050; x_wconf 82' lang='grc' dir='ltr'>ὕπνοσ</span> <span class='ocrx_word' id='word_1_500' title='bbox 2480 1007 2566 1050; x_wconf 78' lang='grc' dir='ltr'>ἕλοι</span> 
     </span>
     <span class='ocr_line' id='line_1_57' title="bbox 1536 1073 2565 1132; baseline 0.005 -18"><span class='ocrx_word' id='word_1_501' title='bbox 1536 1084 1602 1115; x_wconf 88' lang='grc'>472</span> <span class='ocrx_word' id='word_1_502' title='bbox 1617 1078 1700 1117; x_wconf 83' lang='grc' dir='ltr'>πᾶν</span> <span class='ocrx_word' id='word_1_503' title='bbox 1729 1073 1811 1131; x_wconf 83' lang='grc' dir='ltr'>γὰρ</span> <span class='ocrx_word' id='word_1_504' title='bbox 1842 1074 2090 1131; x_wconf 84' lang='grc' dir='ltr'>ἀναγκαῖον.</span> <span class='ocrx_word' id='word_1_505' title='bbox 2121 1075 2258 1132; x_wconf 86' lang='grc' dir='ltr'>χρῆμ’</span> <span class='ocrx_word' id='word_1_506' title='bbox 2291 1075 2459 1132; x_wconf 86' lang='grc' dir='ltr'>ἀνιηρὸν</span> <span class='ocrx_word' id='word_1_507' title='bbox 2487 1077 2565 1132; x_wconf 86' lang='grc' dir='ltr'>ἔφυ</span> 
     </span>
     <span class='ocr_line' id='line_1_58' title="bbox 1538 1139 2539 1202; baseline 0.004 -19"><span class='ocrx_word' id='word_1_508' title='bbox 1538 1153 1605 1183; x_wconf 87' lang='grc'>474</span> <span class='ocrx_word' id='word_1_509' title='bbox 1623 1141 1671 1185; x_wconf 81' lang='grc' dir='ltr'>οὐ</span> <span class='ocrx_word' id='word_1_510' title='bbox 1701 1141 1846 1186; x_wconf 87' lang='grc' dir='ltr'>πάσασ</span> <span class='ocrx_word' id='word_1_511' title='bbox 1874 1142 2031 1186; x_wconf 80' lang='grc' dir='ltr'>νύκτασ</span> <span class='ocrx_word' id='word_1_512' title='bbox 2060 1144 2215 1200; x_wconf 89' lang='grc' dir='ltr'>γίνεται</span> <span class='ocrx_word' id='word_1_513' title='bbox 2246 1139 2357 1202; x_wconf 78' lang='grc' dir='ltr'>ἁβρὰ</span> <span class='ocrx_word' id='word_1_514' title='bbox 2387 1145 2539 1187; x_wconf 86' lang='grc' dir='ltr'>παθεῖν</span> 
     </span>
     <span class='ocr_line' id='line_1_59' title="bbox 1532 1210 2526 1269; baseline 0.004 -18"><span class='ocrx_word' id='word_1_515' title='bbox 1532 1221 1603 1251; x_wconf 85' lang='grc'>476</span> <span class='ocrx_word' id='word_1_516' title='bbox 1622 1210 1750 1254; x_wconf 81' lang='grc' dir='ltr'>ὕπνου</span> <span class='ocrx_word' id='word_1_517' title='bbox 1780 1211 2011 1254; x_wconf 86' lang='grc' dir='ltr'>λυσικάκου</span> <span class='ocrx_word' id='word_1_518' title='bbox 2043 1211 2252 1269; x_wconf 88' lang='grc' dir='ltr'>μνήσομαι</span> <span class='ocrx_word' id='word_1_519' title='bbox 2283 1212 2422 1255; x_wconf 81' lang='grc' dir='ltr'>οἶκάδ’</span> <span class='ocrx_word' id='word_1_520' title='bbox 2456 1212 2526 1256; x_wconf 79' lang='grc' dir='ltr'>ἰών</span> 
     </span>
     <span class='ocr_line' id='line_1_60' title="bbox 1537 1279 2523 1338; baseline 0.004 -18"><span class='ocrx_word' id='word_1_521' title='bbox 1537 1290 1604 1320; x_wconf 89' lang='grc'>478</span> <span class='ocrx_word' id='word_1_522' title='bbox 1623 1279 1717 1322; x_wconf 83' lang='grc' dir='ltr'>οὔτέ</span> <span class='ocrx_word' id='word_1_523' title='bbox 1746 1295 1808 1322; x_wconf 87' lang='grc' dir='ltr'>τοι</span> <span class='ocrx_word' id='word_1_524' title='bbox 1836 1279 1918 1337; x_wconf 81' lang='grc' dir='ltr'>γὰρ</span> <span class='ocrx_word' id='word_1_525' title='bbox 1948 1280 2081 1336; x_wconf 87' lang='grc' dir='ltr'>νήφω,</span> <span class='ocrx_word' id='word_1_526' title='bbox 2113 1281 2209 1324; x_wconf 85' lang='grc' dir='ltr'>οὔτε</span> <span class='ocrx_word' id='word_1_527' title='bbox 2238 1281 2333 1337; x_wconf 86' lang='grc' dir='ltr'>λίην</span> <span class='ocrx_word' id='word_1_528' title='bbox 2363 1280 2523 1338; x_wconf 74' lang='grc' dir='ltr'>μεθύω.</span> 
     </span>
     <span class='ocr_line' id='line_1_61' title="bbox 1538 1344 2604 1406; baseline 0.003 -17"><span class='ocrx_word' id='word_1_529' title='bbox 1538 1358 1605 1389; x_wconf 88' lang='grc'>480</span> <span class='ocrx_word' id='word_1_530' title='bbox 1622 1349 1703 1404; x_wconf 83' lang='grc' dir='ltr'>τῆσ</span> <span class='ocrx_word' id='word_1_531' title='bbox 1733 1344 1860 1391; x_wconf 74' lang='grc' dir='ltr'>αὐτοῦ</span> <span class='ocrx_word' id='word_1_532' title='bbox 1889 1348 2092 1406; x_wconf 90' lang='grc' dir='ltr'>γλώσσησ</span> <span class='ocrx_word' id='word_1_533' title='bbox 2121 1350 2330 1406; x_wconf 84' lang='grc' dir='ltr'>καρτερόσ</span> <span class='ocrx_word' id='word_1_534' title='bbox 2360 1349 2459 1392; x_wconf 77' lang='grc' dir='ltr'>οὐδὲ</span> <span class='ocrx_word' id='word_1_535' title='bbox 2486 1349 2604 1393; x_wconf 90' lang='grc' dir='ltr'>νόου·</span> 
     </span>
     <span class='ocr_line' id='line_1_62' title="bbox 1539 1415 2498 1475; baseline 0.004 -18"><span class='ocrx_word' id='word_1_536' title='bbox 1539 1427 1606 1457; x_wconf 91' lang='grc'>482</span> <span class='ocrx_word' id='word_1_537' title='bbox 1625 1417 1797 1459; x_wconf 77' lang='grc' dir='ltr'>αἰδεῖται</span> <span class='ocrx_word' id='word_1_538' title='bbox 1827 1416 1867 1460; x_wconf 88' lang='grc' dir='ltr'>δ’</span> <span class='ocrx_word' id='word_1_539' title='bbox 1901 1419 2032 1473; x_wconf 89' lang='grc' dir='ltr'>ἔρδων</span> <span class='ocrx_word' id='word_1_540' title='bbox 2063 1415 2183 1461; x_wconf 78' lang='grc' dir='ltr'>οὐδὲν</span> <span class='ocrx_word' id='word_1_541' title='bbox 2212 1417 2312 1461; x_wconf 88' lang='grc' dir='ltr'>ὅταν</span> <span class='ocrx_word' id='word_1_542' title='bbox 2343 1417 2498 1475; x_wconf 83' lang='grc' dir='ltr'>μεθύη.</span> 
     </span>
    </p>

    <p class='ocr_par' dir='ltr' id='par_1_28' title="bbox 1539 1481 2505 1543">
     <span class='ocr_line' id='line_1_63' title="bbox 1539 1481 2505 1543; baseline 0.004 -19"><span class='ocrx_word' id='word_1_543' title='bbox 1539 1495 1606 1525; x_wconf 87' lang='grc'>484</span> <span class='ocrx_word' id='word_1_544' title='bbox 1623 1484 1836 1541; x_wconf 82' lang='grc' dir='ltr'>γινώσκων</span> <span class='ocrx_word' id='word_1_545' title='bbox 1868 1486 1925 1542; x_wconf 77' lang='grc' dir='ltr'>μὴ</span> <span class='ocrx_word' id='word_1_546' title='bbox 1956 1481 2041 1529; x_wconf 66' lang='lat' dir='ltr'>‘xciv&#39;</span> <span class='ocrx_word' id='word_1_547' title='bbox 2075 1487 2183 1529; x_wconf 83' lang='grc' dir='ltr'>οἶνον</span> <span class='ocrx_word' id='word_1_548' title='bbox 2212 1482 2505 1543; x_wconf 77' lang='grc' dir='ltr'>ὑπερβολάδην</span> 
     </span>
    </p>

    <p class='ocr_par' dir='ltr' id='par_1_29' title="bbox 1536 1553 2512 1679">
     <span class='ocr_line' id='line_1_64' title="bbox 1536 1553 2512 1611; baseline 0.003 -18"><span class='ocrx_word' id='word_1_549' title='bbox 1536 1563 1603 1594; x_wconf 87' lang='grc'>486</span> <span class='ocrx_word' id='word_1_550' title='bbox 1620 1554 1784 1609; x_wconf 78' lang='grc' dir='ltr'>γαστήρ</span> <span class='ocrx_word' id='word_1_551' title='bbox 1816 1553 1923 1596; x_wconf 81' lang='grc' dir='ltr'>ὥστε</span> <span class='ocrx_word' id='word_1_552' title='bbox 1952 1553 2088 1597; x_wconf 87' lang='grc' dir='ltr'>κακὸν</span> <span class='ocrx_word' id='word_1_553' title='bbox 2117 1553 2258 1610; x_wconf 88' lang='grc' dir='ltr'>λάτριν</span> <span class='ocrx_word' id='word_1_554' title='bbox 2288 1554 2512 1611; x_wconf 89' lang='grc' dir='ltr'>ἐφημέριον</span> 
     </span>
     <span class='ocr_line' id='line_1_65' title="bbox 1538 1621 2459 1679; baseline 0.003 -17"><span class='ocrx_word' id='word_1_555' title='bbox 1538 1632 1605 1663; x_wconf 88' lang='grc'>488</span> <span class='ocrx_word' id='word_1_556' title='bbox 1622 1622 1843 1665; x_wconf 90' lang='grc' dir='ltr'>κωτίλλοισ</span> <span class='ocrx_word' id='word_1_557' title='bbox 1874 1623 1954 1665; x_wconf 81' lang='grc' dir='ltr'>αἰεὶ</span> <span class='ocrx_word' id='word_1_558' title='bbox 1982 1621 2160 1666; x_wconf 85' lang='grc' dir='ltr'>τοῦνεκά</span> <span class='ocrx_word' id='word_1_559' title='bbox 2189 1637 2252 1665; x_wconf 90' lang='grc' dir='ltr'>τοι</span> <span class='ocrx_word' id='word_1_560' title='bbox 2282 1622 2459 1679; x_wconf 84' lang='grc' dir='ltr'>μεθύεισ</span> 
     </span>
    </p>

    <p class='ocr_par' dir='ltr' id='par_1_30' title="bbox 1539 1687 2748 1817">
     <span class='ocr_line' id='line_1_66' title="bbox 1539 1687 2748 1748; baseline 0.003 -18"><span class='ocrx_word' id='word_1_561' title='bbox 1539 1701 1606 1731; x_wconf 89' lang='grc'>490</span> <span class='ocrx_word' id='word_1_562' title='bbox 1622 1690 1698 1747; x_wconf 90' lang='grc' dir='ltr'>τήν</span> <span class='ocrx_word' id='word_1_563' title='bbox 1727 1692 1774 1733; x_wconf 88' lang='grc' dir='ltr'>δε</span> <span class='ocrx_word' id='word_1_564' title='bbox 1804 1691 1928 1733; x_wconf 87' lang='grc' dir='ltr'>θεοῖσ</span> <span class='ocrx_word' id='word_1_565' title='bbox 1957 1691 2149 1735; x_wconf 91' lang='grc' dir='ltr'>σπένδεισ</span> <span class='ocrx_word' id='word_1_566' title='bbox 2176 1691 2252 1747; x_wconf 91' lang='grc' dir='ltr'>τήν</span> <span class='ocrx_word' id='word_1_567' title='bbox 2283 1687 2324 1734; x_wconf 72' lang='grc' dir='ltr'>δ’</span> <span class='ocrx_word' id='word_1_568' title='bbox 2358 1692 2425 1734; x_wconf 84' lang='grc' dir='ltr'>ἐπὶ</span> <span class='ocrx_word' id='word_1_569' title='bbox 2453 1691 2600 1748; x_wconf 86' lang='grc' dir='ltr'>χειρόσ</span> <span class='ocrx_word' id='word_1_570' title='bbox 2631 1692 2748 1748; x_wconf 85' lang='grc' dir='ltr'>ἔχεισ</span> 
     </span>
     <span class='ocr_line' id='line_1_67' title="bbox 1539 1758 2502 1817; baseline 0.004 -18"><span class='ocrx_word' id='word_1_571' title='bbox 1539 1770 1605 1800; x_wconf 88' lang='grc'>492</span> <span class='ocrx_word' id='word_1_572' title='bbox 1622 1758 1674 1802; x_wconf 84' lang='grc' dir='ltr'>ὃσ</span> <span class='ocrx_word' id='word_1_573' title='bbox 1703 1759 1868 1802; x_wconf 83' lang='grc' dir='ltr'>πολλὰσ</span> <span class='ocrx_word' id='word_1_574' title='bbox 1896 1760 2022 1803; x_wconf 86' lang='grc' dir='ltr'>πίνων</span> <span class='ocrx_word' id='word_1_575' title='bbox 2052 1760 2110 1816; x_wconf 90' lang='grc' dir='ltr'>μή</span> <span class='ocrx_word' id='word_1_576' title='bbox 2141 1775 2178 1803; x_wconf 90' lang='grc' dir='ltr'>τι</span> <span class='ocrx_word' id='word_1_577' title='bbox 2209 1759 2383 1817; x_wconf 86' lang='grc' dir='ltr'>μάταιον</span> <span class='ocrx_word' id='word_1_578' title='bbox 2413 1761 2502 1816; x_wconf 88' lang='grc' dir='ltr'>ἐρεῖ</span> 
     </span>
    </p>

    <p class='ocr_par' dir='ltr' id='par_1_31' title="bbox 1536 1827 2432 1886">
     <span class='ocr_line' id='line_1_68' title="bbox 1536 1827 2432 1886; baseline 0.003 -18"><span class='ocrx_word' id='word_1_579' title='bbox 1536 1839 1603 1869; x_wconf 88' lang='grc'>494</span> <span class='ocrx_word' id='word_1_580' title='bbox 1621 1827 1816 1884; x_wconf 90' lang='grc' dir='ltr'>ἀλλήλων</span> <span class='ocrx_word' id='word_1_581' title='bbox 1847 1830 1991 1884; x_wconf 89' lang='grc' dir='ltr'>ἔριδασ</span> <span class='ocrx_word' id='word_1_582' title='bbox 2020 1828 2098 1884; x_wconf 81' lang='grc' dir='ltr'>δὴν</span> <span class='ocrx_word' id='word_1_583' title='bbox 2129 1828 2432 1886; x_wconf 89' lang='grc' dir='ltr'>ἀπερυκόμενοι</span> 
     </span>
    </p>

    <p class='ocr_par' dir='ltr' id='par_1_32' title="bbox 1537 1893 2498 1954">
     <span class='ocr_line' id='line_1_69' title="bbox 1537 1893 2498 1954; baseline 0.002 -18"><span class='ocrx_word' id='word_1_584' title='bbox 1537 1907 1603 1937; x_wconf 89' lang='grc'>496</span> <span class='ocrx_word' id='word_1_585' title='bbox 1620 1893 1789 1952; x_wconf 82' lang='grc' dir='ltr'>χὀὅτωσ</span> <span class='ocrx_word' id='word_1_586' title='bbox 1818 1896 2045 1954; x_wconf 87' lang='grc' dir='ltr'>συμπόσιον</span> <span class='ocrx_word' id='word_1_587' title='bbox 2074 1897 2228 1954; x_wconf 86' lang='grc' dir='ltr'>γίνεται</span> <span class='ocrx_word' id='word_1_588' title='bbox 2259 1896 2337 1939; x_wconf 78' lang='grc' dir='ltr'>οὐκ</span> <span class='ocrx_word' id='word_1_589' title='bbox 2368 1897 2498 1953; x_wconf 86' lang='grc' dir='ltr'>ἄχαρι</span> 
     </span>
    </p>

    <p class='ocr_par' dir='ltr' id='par_1_33' title="bbox 1538 1961 2569 2227">
     <span class='ocr_line' id='line_1_70' title="bbox 1538 1961 2565 2022; baseline 0.001 -16"><span class='ocrx_word' id='word_1_590' title='bbox 1538 1976 1604 2006; x_wconf 88' lang='grc'>498</span> <span class='ocrx_word' id='word_1_591' title='bbox 1621 1964 1769 2022; x_wconf 84' lang='grc' dir='ltr'>πίνηθ’</span> <span class='ocrx_word' id='word_1_592' title='bbox 1802 1961 1905 2021; x_wconf 80' lang='grc' dir='ltr'>ὑπὲρ</span> <span class='ocrx_word' id='word_1_593' title='bbox 1937 1965 2086 2022; x_wconf 84' lang='grc' dir='ltr'>μέτρον</span> <span class='ocrx_word' id='word_1_594' title='bbox 2115 1966 2274 2021; x_wconf 83' lang='grc' dir='ltr'>κοῦφον</span> <span class='ocrx_word' id='word_1_595' title='bbox 2304 1966 2442 2022; x_wconf 83' lang='grc' dir='ltr'>ἔθηκε</span> <span class='ocrx_word' id='word_1_596' title='bbox 2471 1963 2565 2008; x_wconf 91' lang='grc' dir='ltr'>νόον</span> 
     </span>
     <span class='ocr_line' id='line_1_71' title="bbox 1539 2029 2559 2090; baseline 0 -15"><span class='ocrx_word' id='word_1_597' title='bbox 1539 2045 1604 2074; x_wconf 89' lang='grc'>500</span> <span class='ocrx_word' id='word_1_598' title='bbox 1621 2029 1872 2090; x_wconf 73' lang='grc' dir='ltr'>γινώσκουσ’</span> <span class='ocrx_word' id='word_1_599' title='bbox 1906 2033 2060 2089; x_wconf 87' lang='grc' dir='ltr'>ἀνδρόσ</span> <span class='ocrx_word' id='word_1_600' title='bbox 2089 2033 2129 2076; x_wconf 88' lang='grc' dir='ltr'>δ’</span> <span class='ocrx_word' id='word_1_601' title='bbox 2163 2035 2277 2077; x_wconf 80' lang='grc' dir='ltr'>οἶνοσ</span> <span class='ocrx_word' id='word_1_602' title='bbox 2307 2034 2436 2086; x_wconf 84' lang='grc' dir='ltr'>ἔδειξε</span> <span class='ocrx_word' id='word_1_603' title='bbox 2464 2033 2559 2076; x_wconf 91' lang='grc' dir='ltr'>νόον</span> 
     </span>
     <span class='ocr_line' id='line_1_72' title="bbox 1538 2100 2569 2158; baseline 0.002 -16"><span class='ocrx_word' id='word_1_604' title='bbox 1538 2113 1603 2142; x_wconf 87' lang='grc'>502</span> <span class='ocrx_word' id='word_1_605' title='bbox 1621 2101 1728 2145; x_wconf 81' lang='grc' dir='ltr'>ὥστε</span> <span class='ocrx_word' id='word_1_606' title='bbox 1758 2104 2034 2158; x_wconf 84' lang='grc' dir='ltr'>καταισχῦναι</span> <span class='ocrx_word' id='word_1_607' title='bbox 2063 2104 2138 2144; x_wconf 87' lang='grc' dir='ltr'>καὶ</span> <span class='ocrx_word' id='word_1_608' title='bbox 2164 2104 2259 2158; x_wconf 88' lang='grc' dir='ltr'>πρὶν</span> <span class='ocrx_word' id='word_1_609' title='bbox 2289 2102 2410 2145; x_wconf 89' lang='grc' dir='ltr'>ἐόντα</span> <span class='ocrx_word' id='word_1_610' title='bbox 2440 2100 2569 2157; x_wconf 86' lang='grc' dir='ltr'>σοφὸν</span> 
     </span>
     <span class='ocr_line' id='line_1_73' title="bbox 1541 2166 2533 2227; baseline 0.002 -17"><span class='ocrx_word' id='word_1_611' title='bbox 1541 2181 1608 2211; x_wconf 88' lang='grc'>504</span> <span class='ocrx_word' id='word_1_612' title='bbox 1625 2171 1738 2214; x_wconf 80' lang='grc' dir='ltr'>οἶνοσ</span> <span class='ocrx_word' id='word_1_613' title='bbox 1767 2170 1874 2227; x_wconf 82' lang='grc' dir='ltr'>ἀτὰρ</span> <span class='ocrx_word' id='word_1_614' title='bbox 1903 2170 2079 2227; x_wconf 88' lang='grc' dir='ltr'>γνώμησ</span> <span class='ocrx_word' id='word_1_615' title='bbox 2108 2166 2188 2213; x_wconf 76' lang='grc' dir='ltr'>οὐκ</span> <span class='ocrx_word' id='word_1_616' title='bbox 2217 2170 2348 2227; x_wconf 86' lang='grc' dir='ltr'>ἔτεγώ</span> <span class='ocrx_word' id='word_1_617' title='bbox 2376 2171 2533 2227; x_wconf 88' lang='grc' dir='ltr'>ταμίησ</span> 
     </span>
    </p>
   </div>
   <div class='ocr_carea' id='block_1_25' title="bbox 1538 2225 2562 2307">
    <p class='ocr_par' dir='ltr' id='par_1_34' title="bbox 1538 2225 2562 2307">
     <span class='ocr_line' id='line_1_74' title="bbox 1538 2225 2562 2307; baseline 0.001 -16"><span class='ocrx_word' id='word_1_618' title='bbox 1538 2261 1605 2291; x_wconf 89' lang='grc'>506</span> <span class='ocrx_word' id='word_1_619' title='bbox 1621 2251 1815 2307; x_wconf 82' lang='grc' dir='ltr'>πειρηθῶ</span> <span class='ocrx_word' id='word_1_620' title='bbox 1847 2250 1904 2307; x_wconf 89' lang='grc' dir='ltr'>μή</span> <span class='ocrx_word' id='word_1_621' title='bbox 1935 2265 2030 2293; x_wconf 93' lang='grc' dir='ltr'>πωσ</span> <span class='ocrx_word' id='word_1_622' title='bbox 2057 2253 2131 2293; x_wconf 86' lang='grc' dir='ltr'>καὶ</span> <span class='ocrx_word' id='word_1_623' title='bbox 2158 2250 2300 2293; x_wconf 89' lang='grc' dir='ltr'>πόδασ</span> <span class='ocrx_word' id='word_1_624' title='bbox 2328 2251 2442 2293; x_wconf 84' lang='grc' dir='ltr'>οἴνοσ</span> <span class='ocrx_word' id='word_1_625' title='bbox 2471 2225 2562 2306; x_wconf 74' lang='grc' dir='ltr'>ἔχεηι</span> 
     </span>
    </p>
   </div>
   <div class='ocr_carea' id='block_1_26' title="bbox 1538 2341 2727 2808">
    <p class='ocr_par' dir='ltr' id='par_1_35' title="bbox 1539 2341 2552 2399">
     <span class='ocr_line' id='line_1_75' title="bbox 1539 2341 2552 2399; baseline 0.002 -18"><span class='ocrx_word' id='word_1_626' title='bbox 1539 2352 1604 2381; x_wconf 92' lang='grc'>508</span> <span class='ocrx_word' id='word_1_627' title='bbox 1622 2341 1726 2397; x_wconf 86' lang='grc' dir='ltr'>ἔρξω</span> <span class='ocrx_word' id='word_1_628' title='bbox 1756 2342 2012 2398; x_wconf 86' lang='grc' dir='ltr'>θωρηχθεὶσ</span> <span class='ocrx_word' id='word_1_629' title='bbox 2041 2344 2114 2384; x_wconf 81' lang='grc' dir='ltr'>καὶ</span> <span class='ocrx_word' id='word_1_630' title='bbox 2145 2342 2240 2399; x_wconf 87' lang='grc' dir='ltr'>μέγ’</span> <span class='ocrx_word' id='word_1_631' title='bbox 2273 2342 2435 2393; x_wconf 80' lang='grc' dir='ltr'>ὄνειδοσ</span> <span class='ocrx_word' id='word_1_632' title='bbox 2464 2343 2552 2398; x_wconf 91' lang='grc' dir='ltr'>ἔχω</span> 
     </span>
    </p>

    <p class='ocr_par' dir='ltr' id='par_1_36' title="bbox 1539 2407 2622 2467">
     <span class='ocr_line' id='line_1_76' title="bbox 1539 2407 2622 2467; baseline 0.002 -17"><span class='ocrx_word' id='word_1_633' title='bbox 1539 2421 1605 2450; x_wconf 91' lang='grc'>510</span> <span class='ocrx_word' id='word_1_634' title='bbox 1622 2410 1716 2466; x_wconf 92' lang='grc' dir='ltr'>πίνη</span> <span class='ocrx_word' id='word_1_635' title='bbox 1750 2410 2047 2467; x_wconf 86' lang='grc' dir='ltr'>ἐπισταμένωσ,</span> <span class='ocrx_word' id='word_1_636' title='bbox 2079 2407 2127 2452; x_wconf 76' lang='grc' dir='ltr'>οὔ</span> <span class='ocrx_word' id='word_1_637' title='bbox 2157 2411 2292 2454; x_wconf 84' lang='grc' dir='ltr'>κακὸν</span> <span class='ocrx_word' id='word_1_638' title='bbox 2322 2409 2421 2452; x_wconf 89' lang='grc' dir='ltr'>ἀλλ’</span> <span class='ocrx_word' id='word_1_639' title='bbox 2455 2410 2622 2466; x_wconf 80' lang='grc' dir='ltr'>ἀγαθὸν</span> 
     </span>
    </p>

    <p class='ocr_par' dir='ltr' id='par_1_37' title="bbox 1538 2477 2727 2603">
     <span class='ocr_line' id='line_1_77' title="bbox 1542 2477 2727 2535; baseline 0.003 -18"><span class='ocrx_word' id='word_1_640' title='bbox 1542 2488 1607 2518; x_wconf 92' lang='grc'>512</span> <span class='ocrx_word' id='word_1_641' title='bbox 1625 2477 1774 2521; x_wconf 88' lang='grc' dir='ltr'>ἔνθαδ’</span> <span class='ocrx_word' id='word_1_642' title='bbox 1809 2477 1875 2520; x_wconf 86' lang='grc' dir='ltr'>ἐπ’</span> <span class='ocrx_word' id='word_1_643' title='bbox 1908 2477 2027 2521; x_wconf 79' lang='grc' dir='ltr'>οὐδὲν</span> <span class='ocrx_word' id='word_1_644' title='bbox 2059 2478 2198 2535; x_wconf 88' lang='grc' dir='ltr'>ἔχοντ’</span> <span class='ocrx_word' id='word_1_645' title='bbox 2232 2478 2266 2521; x_wconf 84' lang='grc' dir='ltr'>ὦ</span> <span class='ocrx_word' id='word_1_646' title='bbox 2294 2478 2426 2522; x_wconf 86' lang='grc' dir='ltr'>τάλαν</span> <span class='ocrx_word' id='word_1_647' title='bbox 2456 2477 2575 2521; x_wconf 77' lang='grc' dir='ltr'>οὐδὲν</span> <span class='ocrx_word' id='word_1_648' title='bbox 2605 2479 2727 2535; x_wconf 86' lang='grc' dir='ltr'>ἔχων.</span> 
     </span>
     <span class='ocr_line' id='line_1_78' title="bbox 1538 2544 2547 2603; baseline 0.004 -17"><span class='ocrx_word' id='word_1_649' title='bbox 1538 2557 1604 2587; x_wconf 88' lang='grc'>514</span> <span class='ocrx_word' id='word_1_650' title='bbox 1620 2546 1834 2602; x_wconf 79' lang='grc' dir='ltr'>κλεάριθ’,</span> <span class='ocrx_word' id='word_1_651' title='bbox 1865 2548 1907 2589; x_wconf 79' lang='grc' dir='ltr'>οἳ</span> <span class='ocrx_word' id='word_1_652' title='bbox 1934 2548 2087 2603; x_wconf 84' lang='grc' dir='ltr'>ἔχομεν</span> <span class='ocrx_word' id='word_1_653' title='bbox 2118 2544 2224 2603; x_wconf 80' lang='grc' dir='ltr'>χὀἶα</span> <span class='ocrx_word' id='word_1_654' title='bbox 2254 2548 2411 2589; x_wconf 85' lang='grc' dir='ltr'>διδοῦσι</span> <span class='ocrx_word' id='word_1_655' title='bbox 2440 2548 2547 2590; x_wconf 89' lang='grc' dir='ltr'>θεοὶ.</span> 
     </span>
    </p>

    <p class='ocr_par' dir='ltr' id='par_1_38' title="bbox 1539 2612 2715 2740">
     <span class='ocr_line' id='line_1_79' title="bbox 1539 2612 2715 2671; baseline 0.001 -15"><span class='ocrx_word' id='word_1_656' title='bbox 1539 2626 1604 2656; x_wconf 88' lang='grc'>516</span> <span class='ocrx_word' id='word_1_657' title='bbox 1623 2616 1695 2657; x_wconf 82' lang='grc' dir='ltr'>σεῦ</span> <span class='ocrx_word' id='word_1_658' title='bbox 1725 2615 1850 2671; x_wconf 85' lang='grc' dir='ltr'>φίλοσ</span> <span class='ocrx_word' id='word_1_659' title='bbox 1880 2615 1936 2658; x_wconf 82' lang='grc' dir='ltr'>ὤν</span> <span class='ocrx_word' id='word_1_660' title='bbox 1965 2614 2184 2658; x_wconf 88' lang='grc' dir='ltr'>κατάκεισ’</span> <span class='ocrx_word' id='word_1_661' title='bbox 2217 2612 2280 2657; x_wconf 82' lang='grc' dir='ltr'>ὥσ</span> <span class='ocrx_word' id='word_1_662' title='bbox 2309 2615 2535 2671; x_wconf 83' lang='grc' dir='ltr'>φιλότητοσ</span> <span class='ocrx_word' id='word_1_663' title='bbox 2564 2616 2715 2671; x_wconf 81' lang='grc' dir='ltr'>ἔχει(σ)</span> 
     </span>
     <span class='ocr_line' id='line_1_80' title="bbox 1541 2683 2484 2740; baseline 0.002 -16"><span class='ocrx_word' id='word_1_664' title='bbox 1541 2694 1607 2724; x_wconf 89' lang='grc'>518</span> <span class='ocrx_word' id='word_1_665' title='bbox 1625 2684 1708 2739; x_wconf 84' lang='grc' dir='ltr'>σῆσ</span> <span class='ocrx_word' id='word_1_666' title='bbox 1737 2685 1862 2726; x_wconf 87' lang='grc' dir='ltr'>ἔνεκα</span> <span class='ocrx_word' id='word_1_667' title='bbox 1891 2683 2031 2739; x_wconf 87' lang='grc' dir='ltr'>ξενίησ</span> <span class='ocrx_word' id='word_1_668' title='bbox 2060 2684 2245 2726; x_wconf 88' lang='grc' dir='ltr'>ἄλλοθεν</span> <span class='ocrx_word' id='word_1_669' title='bbox 2276 2683 2484 2740; x_wconf 88' lang='grc' dir='ltr'>οἰσόμεθα</span> 
     </span>
    </p>

    <p class='ocr_par' dir='ltr' id='par_1_39' title="bbox 1542 2748 2711 2808">
     <span class='ocr_line' id='line_1_81' title="bbox 1542 2748 2711 2808; baseline 0.001 -16"><span class='ocrx_word' id='word_1_670' title='bbox 1542 2763 1607 2792; x_wconf 89' lang='grc'>520</span> <span class='ocrx_word' id='word_1_671' title='bbox 1625 2750 1687 2794; x_wconf 84' lang='grc' dir='ltr'>ώσ</span> <span class='ocrx_word' id='word_1_672' title='bbox 1716 2751 1762 2794; x_wconf 88' lang='grc' dir='ltr'>εὖ</span> <span class='ocrx_word' id='word_1_673' title='bbox 1793 2753 1866 2808; x_wconf 82' lang='grc' dir='ltr'>μὲν</span> <span class='ocrx_word' id='word_1_674' title='bbox 1895 2752 2100 2808; x_wconf 84' lang='grc' dir='ltr'>χαλεπῶσ</span> <span class='ocrx_word' id='word_1_675' title='bbox 2130 2748 2192 2795; x_wconf 78' lang='grc' dir='ltr'>ὥσ</span> <span class='ocrx_word' id='word_1_676' title='bbox 2219 2752 2424 2808; x_wconf 82' lang='grc' dir='ltr'>χαλεπῶσ</span> <span class='ocrx_word' id='word_1_677' title='bbox 2453 2753 2500 2794; x_wconf 92' lang='grc' dir='ltr'>δε</span> <span class='ocrx_word' id='word_1_678' title='bbox 2530 2750 2632 2807; x_wconf 85' lang='grc' dir='ltr'>μάλ’</span> <span class='ocrx_word' id='word_1_679' title='bbox 2665 2750 2711 2793; x_wconf 83' lang='grc' dir='ltr'>εὖ</span> 
     </span>
    </p>
   </div>
  </div>
 </body>
</html>
