2878 3580
1463 330 1467 331 ⁷
1542 271 1599 332 :36
1635 329 1690 331 ⁷

590 410 735 462 Atque
768 407 902 450 simili
942 406 1092 448 tabula
1123 405 1375 460 composita
1414 405 1502 447 iam
1540 419 1579 447 a.
1623 406 1732 448 1878
1762 405 2047 449 Hermannus
2087 406 2403 450 Schneidewin
2442 405 2545 459 (,.de
2575 405 2757 459 syllogis

388 476 720 530 Theognideis“
752 489 850 530 pag.
882 477 908 517 9
940 488 1036 529 sqq.
1069 474 1116 516 in
1145 473 1523 517 Dissertationum
1554 473 1932 527 Philologicarum
1952 474 2400 528 Argentoratensium
2431 474 2517 516 vol.
2546 473 2595 528 Ι),
2626 486 2758 527 quem

388 558 468 599 ego
501 545 608 587 olim
634 543 919 597 Argentorati
951 542 1067 585 inter
1098 542 1357 585 carissimos
1389 541 1524 584 habui
1556 540 1814 595 discipulOS,
1847 541 2068 584 conclusit
2089 539 2262 586 librum
2291 541 2688 595 Theognideorum
2719 539 2759 582 α’

306 625 317 637 ’
373 622 442 656 ‘ex
487 614 657 656 duabus
705 612 884 667 syllogis
924 613 1159 654 consutum
1205 613 1338 664 atque
1383 609 1648 663 posterioris
1695 609 1890 664 syllogae
1936 609 2114 653 initium
2158 610 2276 654 inter
2306 624 2344 653 v.
2375 611 2460 653 878
2500 612 2613 652 etv.
2649 609 2758 651 1038

388 681 673 723 statuendum
734 693 847 723 esse.
931 679 1028 730 Qua
1081 679 1292 733 opinione
1351 678 1567 732 plurimas
1629 678 1911 720 difficultates
1972 678 2163 722 feliciter
2227 679 2326 722 tolli
2389 681 2588 733 apparet.
2668 678 2758 721 Nec

386 753 538 792 tamen
584 762 741 791 omnes
780 747 863 790 viri
910 748 1030 790 docti
1059 748 1113 791 H.
1145 747 1491 790 Schneidewino
1530 745 1791 800 adstipulati
1836 748 1954 788 sunt.
2013 746 2126 789 Nam
2171 759 2316 801 neque
2361 759 2450 801 quo
2497 747 2596 789 loco
2642 746 2760 788 inter

386 830 564 860 versum
594 818 677 859 878
710 819 752 859 et
785 817 893 859 1038
924 816 1100 859 initium
1129 815 1396 870 posterioris
1428 815 1623 870 syllogae
1654 814 1942 857 statuendum
1973 817 2104 865 esset,
2136 814 2364 869 indagavit
2392 816 2438 858 et
2466 814 2761 857 remanebant

387 886 521 928 etiam
552 885 751 928 admissa
781 884 1204 928 Schneidewiniana
1232 883 1475 938 partitione
1512 896 1680 938 paucae
1713 882 2011 924 distichorum
2040 882 2332 937 repetitiones
2371 883 2488 926 intra
2524 886 2759 937 utramque

387 955 613 1008 syllogam,
647 967 758 1008 quae
780 966 872 996 non
904 953 1115 1007 explicari
1146 965 1282 1007 posse
1302 952 1569 994 videbantur
1590 951 1677 994 nisi
1706 964 1787 1005 per
1807 950 2071 993 artificiosas
2094 951 2313 1006 quasdam
2332 951 2758 1005 argumentationes.

385 1024 505 1065 Intra
534 1022 732 1076 priorem
764 1022 883 1065 enim
916 1023 1129 1076 syllogam
1161 1020 1630 1064 Schneidewinianam
1661 1019 1718 1073 (v.
1753 1019 1919 1062 1—878
1949 1019 2018 1062 vel
2048 1033 2088 1062 v.
2115 1019 2326 1074 1-1038)
2356 1022 2618 1074 repetuntur
2647 1020 2759 1062 haec

386 1091 473 1134 tria
504 1091 716 1134 disticha:
752 1091 946 1133 115.116
979 1109 1031 1126 =
1063 1090 1280 1139 643.644;
1321 1089 1523 1132 209210
1553 1107 1605 1124 =
1638 1086 1803 1131 3322-1’
1842 1086 1907 1142 (in
1937 1101 2027 1130 uno
2060 1087 2214 1130 codice
2241 1086 2304 1139 A;
2342 1100 2436 1130 non
2465 1088 2510 1130 in
2545 1087 2594 1139 0,
2633 1087 2758 1130 cuius

385 1159 592 1202 librarius
625 1172 725 1201 cum
769 1158 966 1212 priorem
1007 1159 1154 1201 locum
1185 1157 1401 1200 memoria
1431 1159 1618 1208 teneret,
1664 1156 1902 1199 molestam
1940 1156 2224 1199 iterationem
2262 1156 2418 1199 nescio
2455 1169 2515 1199 an
2550 1157 2758 1199 consulto

387 1227 654 1282 evitaverit);
701 1227 898 1269 211.212
932 1245 983 1261 =
1016 1226 1226 1268 509.510.
1299 1225 1421 1267 Intra
1464 1225 1764 1279 posteriorem
1809 1227 1956 1267 autem
2004 1225 2220 1279 syllogam
2269 1223 2329 1279 (v.
2374 1225 2646 1267 879-1220
2688 1225 2759 1267 vel

389 1295 586 1337 10382-
602 1294 728 1349 1220)
775 1295 964 1336 molesta
1005 1296 1073 1336 est
1117 1294 1279 1336 horum
1319 1293 1509 1336 duorum
1555 1293 1850 1336 distichorum
1896 1293 2123 1347 repetitio:
2172 1292 2427 1336 1095.1096
2458 1311 2511 1328 =
2545 1292 2758 1343 11602-b;

389 1363 641 1405 1105.1106
674 1382 725 1397 =
762 1361 963 1404 1164g-h.

591 1443 650 1484 At
681 1455 814 1497 quam
845 1441 974 1484 facile
1004 1455 1058 1483 ex
1088 1441 1200 1484 10015
1230 1440 1456 1496 parallelis
1480 1440 1588 1484 olim
1618 1440 1665 1483 in
1695 1439 1896 1494 margine
1927 1439 2166 1495 adscriptis
2196 1441 2308 1483 haec
2339 1440 2535 1495 quinque
2566 1439 2759 1484 disticha

389 1512 435 1553 in
468 1511 672 1553 codicum
701 1509 742 1551 A
774 1512 817 1553 et
851 1509 886 1550 O
916 1511 1206 1564 archetypum
1237 1510 1434 1563 irrepere
1463 1509 1706 1563 potuerint,
1745 1509 1906 1551 collata
1946 1508 2082 1551 simili
2113 1508 2303 1551 aliorum
2343 1509 2614 1563 scriptorum
2651 1522 2758 1551 con-

387 1579 563 1621 dicione
594 1579 882 1620 manifestum
904 1581 983 1620 est.
1046 1579 1138 1632 Ego
1170 1578 1275 1620 inde
1306 1579 1361 1620 ab
1394 1591 1515 1620 anno
1541 1578 1648 1620 1873
1681 1577 1919 1632 exempli
1950 1577 2129 1632 gratia
2158 1578 2276 1620 hanc
2298 1578 2410 1620 mihi
2441 1578 2619 1620 enotavi
2638 1579 2757 1621 viam

386 1649 443 1690 ad
474 1648 568 1689 eius
601 1647 893 1699 collectionis,
926 1660 1038 1701 quae
1055 1647 1451 1700 Theognideorum
1483 1645 1636 1703 βιβλίον
1667 1644 1706 1687 α’
1732 1649 1931 1698 vocatur,
1962 1646 2183 1700 originem
2213 1645 2538 1700 explicandam,
2570 1660 2757 1701 eamque

386 1716 552 1759 dudum
599 1728 698 1757 cum
745 1715 977 1769 discipulis
1022 1715 1135 1757 meis
1175 1715 1512 1758 communicavi.
1579 1714 1795 1769 Suspicor
1833 1715 1966 1768 igitur
2003 1714 2167 1757 librum
2204 1715 2600 1769 Theognideorum
2631 1713 2668 1756 α’
2702 1728 2781 1774 exa

386 1784 560 1826 duobus
599 1783 826 1837 florilegiis
867 1783 1088 1836 elegiacis,
1127 1797 1240 1837 quae
1277 1783 1384 1825 olim
1420 1796 1607 1838 prorsus
1640 1786 1847 1838 separata
1884 1783 2325 1835 circumferebantur,
2370 1796 2478 1825 casu
2508 1796 2536 1825 a
2573 1783 2757 1826 librario

386 1852 613 1906 archetypi
645 1852 862 1904 codicum,
895 1854 1112 1906 quotquot
1142 1852 1276 1894 hodie
1308 1854 1561 1906 supersunt,
1593 1852 1794 1894 omnium
1826 1852 2179 1906 conglutinatum
2217 1865 2338 1894 esse:
2376 1851 2518 1894 altero
2555 1852 2758 1906 longiore

387 1923 431 1962 et
470 1920 516 1962 in
554 1920 654 1972 fine,
692 1923 741 1963 ut
780 1920 967 1972 videtur,
1005 1921 1223 1972 mutilatO,
1259 1921 1400 1963 altero
1438 1919 1645 1962 breviore
1677 1922 1720 1962 et
1759 1920 1806 1962 in
1837 1920 1978 1972 initio,
2008 1922 2058 1962 ut
2086 1919 2274 1971 videtur,
2304 1933 2358 1962 ac
2396 1920 2591 1962 fortasse
2622 1921 2758 1963 etiam

387 1989 433 2030 in
462 1989 548 2031 fine
579 1989 794 2031 mutilato.
854 1989 1005 2043 Itaque
1037 1989 1192 2032 sedulo
1225 1989 1530 2043 distinguendi
1560 1988 1670 2030 mihi
1699 1988 1925 2031 videntur:

594 2068 633 2124 1)
666 2069 769 2110 duo
801 2068 902 2110 viri
936 2069 1086 2111 docti
1123 2069 1361 2123 antiqui,
1401 2083 1590 2123 quorum
1620 2072 1806 2123 uterque
1837 2083 1891 2111 ex
1921 2069 2068 2124 poetis
2100 2069 2371 2112 Graecorum
2409 2068 2617 2123 elegiacis
2658 2082 2761 2111 sen-

387 2136 597 2180 tentiosis
643 2143 695 2178 ac
725 2137 919 2179 maxime
958 2151 1013 2179 ex
1053 2137 1317 2191 Theognide
1363 2137 1631 2192 florilegium
1671 2138 1885 2180 condidit.
1960 2138 2132 2180 Horum
2175 2137 2494 2192 florilegiorum
2538 2137 2592 2192 a)
2623 2151 2762 2179 unum

388 2205 523 2247 hodie
555 2207 759 2259 superest
790 2208 1014 2248 servatum
1045 2207 1185 2248 multo
1217 2206 1388 2248 maiore
1426 2209 1553 2260 parte
1591 2206 1694 2248 libri
1726 2206 2122 2260 Theognideorum
2153 2204 2205 2257 α’,
2244 2207 2324 2248 sed
2360 2206 2554 2248 fortasse
2589 2205 2638 2247 in
2671 2206 2759 2247 fine

388 2273 488 2315 ideo
521 2273 786 2324 mutilatum,
828 2273 931 2327 quia
961 2274 1007 2315 in
1045 2286 1097 2316 eo
1129 2273 1262 2316 huius
1300 2274 1505 2328 florilegii
1537 2276 1756 2329 exemplo,
1800 2275 1919 2317 unde
1949 2275 2216 2329 archetypus
2248 2274 2465 2326 codicum,
2511 2274 2586 2329 qui
2624 2274 2763 2316 hodie

390 2344 642 2395 supersunt,
682 2341 883 2384 omnium
914 2342 1164 2396 descriptus
1206 2345 1286 2394 est,
1332 2343 1488 2385 ultima
1519 2343 1624 2386 folia
1654 2343 1902 2397 perierant3
1947 2342 1994 2398 b)
2026 2344 2215 2385 alterum
2253 2343 2388 2385 hodie
2429 2345 2634 2397 superest
2665 2356 2761 2384 ser-

389 2412 539 2451 vatum
577 2409 751 2451 minore
787 2412 913 2463 parte
949 2410 1053 2452 libri
1085 2410 1479 2463 Theognideorum
1511 2409 1549 2452 α’
1581 2411 1625 2466 (1.
1659 2424 1694 2453 6.
1736 2411 1858 2453 exitu
1888 2411 1983 2454 eius
2023 2411 2156 2466 libri),
2197 2411 2276 2453 sed
2314 2411 2507 2453 fortasse
2545 2410 2593 2453 in
2631 2410 2759 2453 initio

391 2478 491 2520 ideo
522 2478 785 2530 mutilatum,
826 2478 928 2532 quia
959 2478 1005 2519 in
1043 2492 1095 2520 eo
1135 2479 1267 2520 huius
1298 2479 1503 2532 florilegii
1543 2480 1761 2533 exemplo,
1800 2479 1920 2522 unde
1957 2480 2222 2533 archetypus
2262 2479 2481 2530 codicum,
2521 2478 2596 2533 qui
2625 2478 2761 2520 hodie

391 2548 645 2599 supersunt,
693 2545 894 2588 omnium
940 2546 1191 2600 descriptus
1239 2549 1319 2598 est,
1363 2547 1509 2600 prima
1554 2547 1661 2589 folia
1709 2548 1938 2601 perierant
1983 2547 2194 2602 (fortasse
2239 2547 2375 2589 etiam
2419 2547 2467 2589 in
2501 2547 2588 2589 fine
2626 2547 2759 2589 huius

387 2614 590 2667 florilegii
619 2614 790 2668 aliquot
819 2614 926 2656 folia
954 2614 1211 2669 perierant).
1791 2662 1797 2667 ,

506 2698 508 2700 ’
593 2694 636 2747 2)
668 2693 936 2735 librarius
968 2694 1268 2746 recentior,
1303 2694 1377 2749 qui
1407 2694 1674 2748 florilegium
1705 2708 1741 2738 a
1772 2695 1819 2736 in
1857 2694 1945 2736 fine
1983 2695 2235 2737 mutilatum
2275 2697 2320 2737 et
2356 2694 2622 2748 florilegium
2651 2695 2682 2737 b
2713 2694 2760 2735 in

390 2761 518 2803 initio
550 2761 801 2803 mutilatum
833 2762 894 2804 ita
926 2762 1115 2813 consuit,
1146 2765 1196 2804 ut
1227 2763 1339 2805 duos
1372 2765 1416 2805 et
1446 2762 1648 2804 diversos
1680 2763 1820 2805 libros
1861 2763 1908 2804 in
1945 2776 2084 2805 unum
2117 2776 2165 2805 se
2197 2762 2482 2806 coniunxisse
2520 2762 2759 2816 ignoraret.

389 2829 498 2871 Inde
529 2830 793 2884 archetypus
827 2831 1044 2882 codicum,
1076 2833 1295 2885 quotquot
1325 2833 1578 2885 supersunt,
1611 2831 1812 2873 omnium
1843 2830 2062 2885 originem
2093 2831 2231 2874 duxit.

593 2909 658 2950 De
688 2909 1007 2963 florilegiorum
1038 2913 1187 2953 autem
1217 2911 1362 2953 forma
1392 2911 1503 2953 haec
1535 2909 1725 2962 conicio,
1758 2924 1870 2965 quae
1902 2924 2172 2965 quamquam
2205 2910 2377 2952 incerta
2405 2911 2539 2963 atque
2569 2910 2762 2963 exempli

391 2976 533 3029 gratia
563 2990 589 3018 a
627 2990 697 3018 me
735 2977 970 3031 proposita
1013 2981 1130 3030 sunt,
1168 2981 1322 3020 tamen
1362 2978 1564 3020 sufficere
1602 2978 1798 3021 arbitror
1835 2979 1893 3021 ad
1931 2993 2086 3021 eorum
2117 2978 2426 3033 opinationem
2456 2977 2761 3030 refellendam,

393 3044 466 3097 qui
498 3057 552 3085 ex
582 3058 791 3087 versuum
823 3045 1164 3099 repetitionibus
1195 3059 1353 3100 parum
1382 3046 1636 3100 probabilia
1666 3047 1720 3089 de
1753 3047 1924 3110 origine
1957 3047 2352 3109 Theognideorum
2384 3049 2656 3090 statuerunt:

595 3124 746 3178 Itaque
790 3124 965 3167 videtur
1008 3125 1119 3168 mihi
1164 3125 1277 3167 liber
1322 3126 1718 3180 Theognideorum
1762 3125 1815 3178 α’,
1861 3128 2004 3182 qualis
2052 3128 2099 3169 in
2137 3127 2367 3170 codicibus
2403 3140 2542 3169 manu
2579 3126 2760 3180 scriptis

393 3190 721 3244 circumfertur,
761 3192 817 3234 ad
855 3195 1065 3247 quattuor
1105 3193 1341 3249 quiniones
1379 3194 1472 3236 sive
1509 3194 1705 3236 πεντάδια
1744 3195 1901 3247 redire,
1942 3210 1996 3238 ex
2026 3195 2187 3250 quibus
2218 3198 2310 3238 tres
2340 3195 2466 3250 prius
2495 3194 2760 3249 florilegium
