2782 3542
1462 256 1489 297 8

1478 393 1518 435 2.

1112 392 1502 526 Apographgm
1533 471 1745 514 codicis
1781 470 1828 514 Ο.

492 552 640 594 Tanto
679 551 770 592 fere
808 548 1004 592 deterior
1043 551 1112 592 est
1151 551 1292 594 codex
1333 550 1369 593 Ο
1399 552 1552 595 codice
1589 550 1642 605 A,
1681 554 1848 607 quanto
1889 553 2037 596 solent
2073 554 2274 597 bonitate
2314 554 2517 609 superari
2555 554 2659 598 libri

288 633 423 663 manu
463 619 618 674 scripti
655 617 910 673 bombycini
948 618 1227 661 saeculorum
1257 618 1462 676 XIIIJXIV
1499 620 1625 663 libris
1657 620 2012 664 membranaceis
2045 622 2211 665 saeculi
2240 622 2292 665 X.
2352 623 2442 665 Nec
2473 622 2658 665 divitum

287 688 519 731 hominum
558 688 604 729 in
641 700 772 729 usum
812 686 1004 741 scriptus
1046 689 1114 729 est
1152 687 1294 730 codex
1340 687 1387 740 O,
1429 688 1509 731 sed
1548 688 1622 744 qui
1661 702 1762 732 eum
1801 688 2012 741 exaravit,
2051 692 2100 732 ut
2138 690 2320 733 chartae
2358 693 2575 745 parceret,
2614 693 2659 733 et

287 756 447 799 litteris
480 756 663 799 minutis
687 758 730 798 et
752 755 987 810 permultis
1021 755 1266 810 scripturae
1290 757 1568 812 compendiis
1590 757 1997 813 tachygraphorum
2026 771 2152 800 more
2181 772 2289 801 usus
2321 762 2391 802 est
2420 761 2553 814 atque
2583 762 2659 802 aut

290 838 416 867 suum
449 825 495 866 in
525 838 656 867 usum
687 827 763 866 aut
792 824 1001 878 pauperis
1033 824 1218 868 alicuius
1250 826 1447 869 hominis
1480 826 1599 869 docti
1631 826 1678 868 in
1707 839 1838 868 usum
1870 839 2032 881 corpus
2064 827 2174 869 illud
2201 831 2435 882 poetarum
2466 828 2658 871 maxime

287 893 514 948 epicorum
563 894 607 935 et
655 892 893 947 lyricorum
957 893 1132 935 videtur
1199 894 1547 949 conscripsisse;
1609 896 1884 938 enumeravit
1932 897 2081 938 autem
2131 908 2204 948 ea,
2255 909 2367 951 quae
2417 896 2571 939 codice
2624 895 2660 937 O

289 962 587 1013 continentur,
621 961 788 1015 scripta
817 961 945 1015 Hugo
975 961 1121 1004 Hinck
1151 961 1197 1004 in
1228 963 1380 1006 annali
1410 963 1638 1018 philologo
1671 977 1709 1006 a.
1744 963 1853 1005 1868
1883 976 1981 1018 pag.
2013 963 2253 1006 336—339.

490 1030 583 1072 Iam
623 1029 801 1072 saeculo
842 1029 1016 1072 decimo
1057 1030 1211 1084 quinto
1247 1031 1433 1074 madore
1467 1031 1642 1086 situque
1679 1044 1820 1086 prope
1852 1031 2096 1086 superioris
2127 1032 2343 1086 marginis
2375 1035 2552 1087 partem
2583 1046 2655 1075 ex-

287 1098 500 1141 teriorem
525 1111 618 1140 non
641 1111 887 1152 paucorum
911 1098 1121 1141 foliorum
1145 1101 1278 1154 atque
1303 1099 1350 1142 in
1374 1099 1445 1142 his
1474 1113 1642 1152 eorum,
1667 1100 1827 1154 quibus
1853 1100 2147 1154 Theognidea
2164 1100 2450 1144 continentur
2466 1101 2558 1155 (fol.
2581 1103 2660 1144 25ῐ

285 1167 400 1210 med.
430 1190 487 1196 —-
517 1166 592 1209 fol.
624 1167 702 1209 34r
734 1166 861 1222 sup),
901 1167 1142 1209 lectionem
1180 1167 1512 1222 impeditiorem
1542 1168 1707 1211 factam
1739 1182 1838 1211 esse
1878 1168 1970 1211 dixi
2011 1182 2146 1223 supra
2182 1182 2282 1224 pag.
2321 1170 2362 1213 3.
2398 1170 2505 1222 Has,
2545 1183 2658 1226 quae

286 1235 487 1278 difficiles
518 1236 636 1278 lectu
667 1235 809 1278 factae
842 1237 959 1288 sunt,
980 1235 1222 1290 particulas
1243 1236 1440 1291 pessime
1462 1237 1568 1291 legit
1598 1237 1650 1289 is,
1673 1237 1748 1292 qui
1775 1250 1830 1280 ex
1854 1235 1890 1278 O
1913 1237 2113 1280 codicem
2134 1238 2355 1281 Venetum
2382 1238 2658 1281 Marcianum

286 1305 368 1347 522
413 1304 719 1359 transcripsit3
766 1304 994 1359 aliquanto
1040 1305 1200 1347 melius
1244 1305 1491 1348 Immanuel
1536 1306 1726 1358 Bekker,
1773 1319 1904 1361 quem
1949 1308 2102 1348 tamen
2147 1319 2240 1348 non
2286 1306 2395 1350 satis
2440 1307 2656 1362 temporis

287 1373 632 1428 diligentiaeque
664 1373 710 1415 in
741 1373 856 1416 libro
891 1373 927 1415 Ο
947 1373 1212 1417 excutiendo
1246 1374 1584 1430 consumpsisse
1620 1377 1818 1425 constat;
1850 1375 2129 1417 accuratiora
2164 1388 2248 1417 nec
2290 1388 2397 1418 vero
2428 1376 2657 1418 erroribus

287 1442 439 1484 omnia
476 1442 618 1484 libera
657 1442 712 1484 de
751 1442 862 1485 locis
902 1442 990 1485 illis
1031 1443 1216 1486 madore
1256 1444 1477 1498 corruptis
1515 1443 1701 1498 protulit
1738 1443 1866 1498 Hugo
1897 1443 2043 1485 Hinck
2071 1443 2100 1485 l.
2132 1456 2168 1485 c.
2198 1457 2298 1498 pag.
2330 1444 2415 1486 334
2445 1458 2534 1499 sq.;
2563 1457 2658 1486 non

287 1510 403 1553 male
435 1523 517 1552 nec
547 1513 700 1553 tamen
732 1511 842 1553 satis
873 1511 1060 1554 intentis
1083 1512 1314 1554 oculorum
1345 1512 1572 1567 animique
1602 1511 1771 1554 viribus
1804 1510 2004 1554 codicem
2028 1510 2064 1552 Ο
2095 1511 2283 1554 contulit
2304 1511 2657 1567 Christophorus

287 1579 471 1633 Ziegler,
505 1579 628 1621 cuius
661 1579 715 1621 de
747 1579 1051 1634 Theognideis
1081 1580 1242 1623 merita
1271 1581 1514 1623 admodum
1543 1594 1681 1635 parva
1713 1582 1837 1631 sunt;
1875 1593 1968 1622 non
2005 1593 2174 1634 paucos
2206 1593 2374 1633 eorum,
2413 1582 2487 1635 qui
2525 1583 2659 1624 antea

287 1648 388 1690 libri
423 1647 458 1688 O
488 1647 705 1690 lectiones
746 1651 1077 1702 excerpserant,
1118 1662 1295 1692 errores
1336 1649 1532 1692 correxit
1567 1649 1788 1692 Henricus
1826 1649 1989 1691 Iordan
2003 1648 2050 1703 ⁸),
2082 1649 2157 1703 qui
2189 1649 2389 1692 codicem
2422 1648 2459 1690 O
2486 1650 2658 1692 Romae

284 1729 388 1758 vere
428 1716 535 1758 anni
578 1717 682 1758 1881
727 1717 927 1769 contulit,
968 1718 1048 1759 sed
1088 1731 1263 1761 errores
1303 1719 1486 1773 aliquot,
1527 1718 1573 1760 in
1613 1731 1724 1773 quos
1765 1717 1933 1769 incidit,
1973 1717 2286 1760 demonstrant
2324 1730 2380 1759 ne
2419 1718 2659 1760 Iordanum

286 1785 466 1839 quidem
499 1784 608 1827 satis
641 1785 934 1827 exercitatum
965 1785 1104 1828 fuisse
1135 1786 1182 1828 in
1211 1783 1624 1842 tachygraphorum'
1641 1786 1912 1829 Graecorum
1935 1786 2142 1828 ductibus
2175 1800 2230 1829 ex
2250 1786 2452 1828 locorum
2472 1787 2658 1830 madore

289 1854 431 1896 situve
479 1855 792 1907 corruptorum
836 1854 1036 1896 tenebris
1078 1855 1369 1898 extricandis.
1446 1855 1659 1898 Omnium
1697 1855 1864 1910 optime
1911 1854 2173 1897 conferendi
2212 1854 2406 1897 officium
2445 1855 2658 1898 sustinuit

285 1923 509 1976 Augustus
534 1922 647 1974 MaU,
680 1922 848 1964 amicus
882 1923 1189 1976 suavissimus,
1222 1925 1297 1979 qui
1327 1937 1354 1967 a
1383 1937 1455 1966 me
1486 1926 1668 1977 rogatus
1700 1937 1856 1966 mense
1886 1923 2131 1966 Februario
2162 1923 2270 1965 anni
2296 1924 2404 1966 1877
2434 1923 2598 1966 librum
2622 1922 2659 1964 Ο

286 2005 386 2033 cum
423 1990 819 2044 Theognideorum
857 1991 1052 2034 editione
1093 1992 1370 2046 Ziegleriana
1407 1992 1657 2048 (Tubingae
1699 1992 1824 2047 1868)
1862 1994 1956 2034 tam
1995 1994 2202 2034 accurate
2241 1992 2449 2043 contulit,
2486 1994 2537 2034 ut
2573 1992 2658 2034 hac

286 2059 524 2102 collatione
562 2073 653 2102 una
689 2072 798 2102 usus
840 2073 1008 2112 essem,
1048 2060 1136 2102 nisi
1172 2074 1276 2103 vere
1315 2061 1422 2104 anni
1455 2062 1564 2104 1879
1600 2061 1711 2103 mihi
1749 2060 1836 2114 ipsi
1866 2060 2068 2103 licuisset
2097 2061 2269 2103 Romae
2307 2060 2354 2102 in
2382 2060 2658 2103 bibliotheca

285 2129 500 2171 Vaticana
528 2141 610 2182 per
638 2128 815 2182 longius
846 2129 1063 2182 temporis
1096 2130 1290 2183 spatium
1320 2131 1444 2172 locos
1475 2130 1577 2172 illos
1598 2129 1782 2172 madore
1806 2129 2066 2183 deturpatos
2089 2129 2346 2171 examinare
2372 2131 2417 2171 et
2446 2129 2658 2183 despera-

286 2197 462 2240 tissima
493 2208 694 2251 quaeque
724 2197 886 2239 iterum
916 2197 1166 2252 iterumque
1196 2201 1430 2252 temptare.
1490 2198 1692 2252 Denique
1725 2210 1825 2240 cum
1855 2197 1903 2239 in
1935 2197 2177 2249 codicibus,
2217 2197 2293 2252 qui
2331 2210 2385 2240 ex
2414 2200 2540 2251 parte
2570 2198 2657 2252 legi

287 2279 377 2308 non
417 2267 628 2319 possunt,
669 2278 762 2307 non
800 2267 975 2308 tanturn
1013 2266 1119 2321 quid
1159 2266 1374 2321 scriptum
1414 2266 1491 2318 sit,
1531 2266 1646 2308 scire
1685 2266 1868 2318 referat,
1906 2265 1987 2308 sed
2025 2266 2162 2308 etiam
2199 2265 2305 2320 quid
2343 2265 2406 2308 ita
2442 2266 2529 2319 legi
2563 2279 2657 2308 non

284 2334 443 2389 possit,
475 2336 524 2376 ut
546 2334 600 2376 de
621 2333 839 2376 memoria
869 2334 1034 2376 tradita
1063 2335 1303 2377 tacendum
1325 2335 1396 2387 sit,
1428 2335 1525 2388 ipse
1556 2347 1712 2376 mense
1732 2334 1875 2388 Aprili
1896 2333 2004 2376 anni
2028 2334 2137 2376 1879
2157 2334 2329 2376 Romae
2349 2335 2656 2388 apographum

286 2403 453 2445 codicis
489 2401 524 2443 Ο
561 2402 734 2444 confeci
773 2404 905 2457 atque
944 2416 1122 2445 omnem
1161 2417 1345 2458 operam
1390 2403 1437 2444 in
1477 2415 1530 2445 ea
1567 2416 1614 2444 re
1655 2402 1800 2457 posui,
1837 2405 1887 2445 ut
1917 2416 2051 2457 quam
2089 2402 2427 2444 accuratissime
2463 2405 2656 2445 testarer

286 2472 340 2514 de
385 2471 497 2514 locis
535 2471 623 2513 illis
662 2471 846 2513 madore
886 2472 1121 2526 corruptis.
1193 2472 1292 2514 Hoc
1331 2472 1638 2526 apographum
1686 2471 1925 2526 quominus
1979 2474 2125 2514 totum
2163 2471 2310 2513 denuo
2349 2484 2451 2513 cum
2485 2470 2521 2512 Ο
2550 2485 2657 2514 con-

286 2540 461 2591 ferrem,
495 2553 595 2582 cum
623 2540 840 2595 temporis
872 2541 1090 2595 angustiis
1121 2541 1375 2595 prohibitus
1407 2553 1568 2592 essem,
1598 2553 1701 2582 vere
1732 2539 1840 2582 anni
1865 2540 1973 2582 1889
2004 2540 2252 2593 Augustum
2279 2539 2382 2582 Mau
2411 2539 2577 2593 rogavi,
2607 2542 2658 2582 ut

286 2607 340 2650 de
379 2608 580 2650 minutiis
620 2609 908 2663 quibusdam,
951 2610 1005 2651 de
1045 2609 1204 2664 quibus
1245 2609 1551 2664 apographum
1589 2622 1738 2650 meum
1777 2621 1870 2650 non
1908 2607 2017 2650 satis
2059 2608 2176 2650 clare
2214 2607 2372 2650 testari
2407 2607 2654 2660 videbatur,

287 2677 432 2719 denuo
478 2677 682 2731 inspecto
729 2677 882 2719 codice
925 2676 960 2718 O
998 2677 1056 2720 ad
1100 2691 1171 2720 me
1217 2677 1415 2720 referret.
1493 2677 1534 2719 Is
1571 2679 1721 2719 autem
1758 2676 1870 2719 mihi
1906 2676 2138 2731 rescripsit
2175 2676 2376 2718 codicem
2418 2675 2454 2717 O
2490 2677 2658 2719 frustra

288 2745 538 2799 quaesitum
570 2758 669 2787 esse
699 2758 780 2799 per
809 2747 952 2788 totam
981 2746 1303 2789 bibliothecam
1324 2746 1585 2788 Vaticanam
1606 2748 1738 2800 atque
1760 2744 1928 2787 infelici
1948 2744 2097 2799 aliquo
2130 2757 2237 2787 casu
2267 2757 2410 2798 nuper
2439 2744 2655 2786 amissum

285 2813 445 2864 videri;
476 2814 721 2856 fortasse
753 2814 906 2857 codice
931 2813 966 2855 Ο
995 2828 1127 2857 usum
1158 2827 1258 2858 esse
1288 2815 1502 2857 Ioannem
1522 2814 1773 2868 Baptistam
1795 2813 2068 2856 cardinalem
2087 2813 2213 2855 Pitra
2231 2812 2356 2855 brevi
2386 2814 2491 2854 ante
2522 2826 2655 2867 quam

286 2881 357 2923 his
396 2881 557 2924 litteris
597 2882 844 2936 eriperetur
881 2885 1015 2937 atque
1053 2884 1193 2926 latere
1233 2883 1435 2925 codicem
1468 2881 1504 2924 Ο
1533 2882 1695 2925 alicubi
1734 2883 1851 2925 inter
1888 2882 2185 2924 hereditatem
2221 2894 2248 2923 a
2285 2880 2410 2923 Pitra
2439 2881 2655 2933 relictam,

287 2962 371 2992 nec
414 2952 567 2992 tamen
613 2951 722 2993 certi
769 2951 1006 3006 quicquam
1051 2951 1105 2994 de
1152 2965 1203 2994 ea
1241 2965 1288 2994 re
1327 2951 1582 2994 adseverari
1619 2964 1768 3005 posse.
1841 2951 1993 3005 Itaque
2032 2951 2117 2993 hac
2155 2950 2259 2992 data
2298 2949 2536 2992 occasione
2575 2963 2655 3004 ego

287 3018 593 3072 apographum
623 3031 772 3061 meum
801 3019 917 3074 typis
949 3019 1290 3074 exprimendum
1321 3019 1484 3062 curavi.

491 3142 520 3187 ⁸)
548 3142 652 3178 Conf.
670 3142 836 3188 inprimis
853 3143 1052 3179 Henricum
1069 3144 1203 3179 Iordan
1227 3144 1266 3179 in
1281 3144 1440 3179 Hermae
1464 3142 1717 3178 Berolinensis
1735 3143 1807 3178 vol.
1826 3142 1908 3178 XVI
1923 3153 2007 3188 pag.
2023 3142 2210 3177 506—510
2227 3144 2263 3177 et
2278 3142 2317 3177 in
2336 3142 2527 3187 prooemio
2544 3141 2655 3177 indici

287 3199 488 3235 lectionum
510 3200 759 3236 universitatis
784 3200 1077 3245 Regimontanae
1103 3213 1134 3237 a.
1164 3202 1357 3248 1885l1886
1382 3201 1598 3247 praemisso.
