<?xml version="1.0" encoding="UTF-8"?>
<!DOCTYPE html PUBLIC "-//W3C//DTD XHTML 1.0 Transitional//EN"
    "http://www.w3.org/TR/xhtml1/DTD/xhtml1-transitional.dtd">
<html xmlns="http://www.w3.org/1999/xhtml" xml:lang="en" lang="en">
 <head>
  <title>
</title>
<meta http-equiv="Content-Type" content="text/html;charset=utf-8" />
  <meta name='ocr-system' content='tesseract 3.04.00' />
  <meta name='ocr-capabilities' content='ocr_page ocr_carea ocr_par ocr_line ocrx_word'/>
</head>
<body>
  <div class='ocr_page' id='page_1' title='image "./detheognideorumm00studuoft_0007.png"; bbox 0 0 2782 3542; ppageno 0'>
   <div class='ocr_carea' id='block_1_1' title="bbox 1308 212 1335 256">
    <p class='ocr_par' dir='ltr' id='par_1_1' title="bbox 1308 212 1335 256">
     <span class='ocr_line' id='line_1_1' title="bbox 1308 212 1335 256; baseline 0 0"><span class='ocrx_word' id='word_1_1' title='bbox 1308 212 1335 256; x_wconf 85' lang='lat'>5</span> 
     </span>
    </p>
   </div>
   <div class='ocr_carea' id='block_1_2' title="bbox 1189 271 1460 278">
    <p class='ocr_par' dir='ltr' id='par_1_2' title="bbox 1189 271 1460 278">
     <span class='ocr_line' id='line_1_2' title="bbox 1189 271 1460 278; baseline 0 3264"><span class='ocrx_word' id='word_1_2' title='bbox 1189 271 1460 278; x_wconf 95' lang='lat' dir='ltr'> </span> 
     </span>
    </p>
   </div>
   <div class='ocr_carea' id='block_1_3' title="bbox 136 348 2515 622">
    <p class='ocr_par' dir='ltr' id='par_1_3' title="bbox 136 348 2511 476">
     <span class='ocr_line' id='line_1_3' title="bbox 341 348 2511 407; baseline 0 -15"><span class='ocrx_word' id='word_1_3' title='bbox 341 349 492 405; x_wconf 88' lang='lat' dir='ltr'>Itaque</span> <span class='ocrx_word' id='word_1_4' title='bbox 529 348 750 393; x_wconf 90' lang='lat' dir='ltr'>Henricus</span> <span class='ocrx_word' id='word_1_5' title='bbox 785 349 954 394; x_wconf 85' lang='lat' dir='ltr'>Omont</span> <span class='ocrx_word' id='word_1_6' title='bbox 994 364 1050 394; x_wconf 92' lang='lat' dir='ltr'>ne</span> <span class='ocrx_word' id='word_1_7' title='bbox 1087 351 1222 395; x_wconf 91' lang='lat' dir='ltr'>hodie</span> <span class='ocrx_word' id='word_1_8' title='bbox 1260 351 1439 407; x_wconf 92' lang='lat' dir='ltr'>quidem</span> <span class='ocrx_word' id='word_1_9' title='bbox 1471 351 1526 394; x_wconf 91' lang='lat' dir='ltr'>de</span> <span class='ocrx_word' id='word_1_10' title='bbox 1555 351 1700 406; x_wconf 89' lang='lat' dir='ltr'>patria</span> <span class='ocrx_word' id='word_1_11' title='bbox 1731 351 1898 395; x_wconf 89' lang='lat' dir='ltr'>codicis</span> <span class='ocrx_word' id='word_1_12' title='bbox 1921 350 1960 394; x_wconf 91' lang='lat' dir='ltr'><strong><em>A</em></strong></span> <span class='ocrx_word' id='word_1_13' title='bbox 1992 350 2229 407; x_wconf 85' lang='lat' dir='ltr'>quicquam</span> <span class='ocrx_word' id='word_1_14' title='bbox 2261 349 2511 406; x_wconf 88' lang='lat' dir='ltr'>comperire</span> 
     </span>
     <span class='ocr_line' id='line_1_4' title="bbox 136 416 1276 476; baseline 0.004 -15"><span class='ocrx_word' id='word_1_15' title='bbox 136 418 282 473; x_wconf 88' lang='lat' dir='ltr'>potuit</span> <span class='ocrx_word' id='word_1_16' title='bbox 311 418 399 461; x_wconf 91' lang='lat' dir='ltr'>nisi</span> <span class='ocrx_word' id='word_1_17' title='bbox 429 418 600 462; x_wconf 89' lang='lat' dir='ltr'>Mutina</span> <span class='ocrx_word' id='word_1_18' title='bbox 631 432 732 462; x_wconf 91' lang='lat' dir='ltr'>eum</span> <span class='ocrx_word' id='word_1_19' title='bbox 762 419 962 463; x_wconf 84' lang='lat' dir='ltr'>Parisios</span> <span class='ocrx_word' id='word_1_20' title='bbox 994 416 1226 475; x_wconf 86' lang='lat' dir='ltr'>migrasse.</span> <span class='ocrx_word' id='word_1_21' title='bbox 1243 420 1276 476; x_wconf 74' lang='lat'>²)</span> 
     </span>
    </p>

    <p class='ocr_par' dir='ltr' id='par_1_4' title="bbox 137 492 2515 622">
     <span class='ocr_line' id='line_1_5' title="bbox 338 492 2515 556; baseline 0 -15"><span class='ocrx_word' id='word_1_22' title='bbox 338 498 512 542; x_wconf 85' lang='lat' dir='ltr'>Revera</span> <span class='ocrx_word' id='word_1_23' title='bbox 557 498 758 542; x_wconf 84' lang='lat' dir='ltr'>codicem</span> <span class='ocrx_word' id='word_1_24' title='bbox 801 498 862 552; x_wconf 83' lang='lat' dir='ltr'>A,</span> <span class='ocrx_word' id='word_1_25' title='bbox 909 500 1172 556; x_wconf 86' lang='lat' dir='ltr'><strong>priusquam</strong></span> <span class='ocrx_word' id='word_1_26' title='bbox 1215 500 1413 544; x_wconf 84' lang='lat' dir='ltr'>Parisios</span> <span class='ocrx_word' id='word_1_27' title='bbox 1453 501 1780 555; x_wconf 81' lang='lat' dir='ltr'>asportaretur,</span> <span class='ocrx_word' id='word_1_28' title='bbox 1826 492 1872 542; x_wconf 88' lang='lat' dir='ltr'>in</span> <span class='ocrx_word' id='word_1_29' title='bbox 1911 501 2202 544; x_wconf 89' lang='lat' dir='ltr'>celeberrima</span> <span class='ocrx_word' id='word_1_30' title='bbox 2240 500 2515 543; x_wconf 85' lang='lat' dir='ltr'>bibliotheca</span> 
     </span>
     <span class='ocr_line' id='line_1_6' title="bbox 137 566 1782 622; baseline 0.001 -13"><span class='ocrx_word' id='word_1_31' title='bbox 137 566 354 610; x_wconf 89' lang='lat' dir='ltr'>ecclesiae</span> <span class='ocrx_word' id='word_1_32' title='bbox 386 566 655 622; x_wconf 88' lang='lat' dir='ltr'>episcopalis</span> <span class='ocrx_word' id='word_1_33' title='bbox 687 568 962 612; x_wconf 86' lang='lat' dir='ltr'>Veronensis</span> <span class='ocrx_word' id='word_1_34' title='bbox 994 569 1280 613; x_wconf 89' lang='lat' dir='ltr'>adservatum</span> <span class='ocrx_word' id='word_1_35' title='bbox 1312 582 1412 612; x_wconf 83' lang='lat' dir='ltr'>esse</span> <span class='ocrx_word' id='word_1_36' title='bbox 1443 568 1782 612; x_wconf 88' lang='lat' dir='ltr'>demonstrabo.</span> 
     </span>
    </p>
   </div>
   <div class='ocr_carea' id='block_1_4' title="bbox 134 651 2517 916">
    <p class='ocr_par' dir='ltr' id='par_1_5' title="bbox 134 651 2517 916">
     <span class='ocr_line' id='line_1_7' title="bbox 340 651 2512 710; baseline 0.001 -16"><span class='ocrx_word' id='word_1_37' title='bbox 340 651 499 695; x_wconf 87' lang='lat' dir='ltr'>Exstat</span> <span class='ocrx_word' id='word_1_38' title='bbox 529 653 575 695; x_wconf 91' lang='lat' dir='ltr'>in</span> <span class='ocrx_word' id='word_1_39' title='bbox 606 653 881 697; x_wconf 86' lang='lat' dir='ltr'>bibliotheca</span> <span class='ocrx_word' id='word_1_40' title='bbox 912 654 1093 709; x_wconf 86' lang='lat' dir='ltr'>capituli</span> <span class='ocrx_word' id='word_1_41' title='bbox 1124 654 1399 698; x_wconf 89' lang='lat' dir='ltr'>Veronensis</span> <span class='ocrx_word' id='word_1_42' title='bbox 1443 654 1670 709; x_wconf 89' lang='lat' dir='ltr'>catalogus</span> <span class='ocrx_word' id='word_1_43' title='bbox 1710 655 2125 710; x_wconf 82' lang='lat' dir='ltr'>chirographorum,</span> <span class='ocrx_word' id='word_1_44' title='bbox 2165 667 2297 710; x_wconf 88' lang='lat' dir='ltr'>quem</span> <span class='ocrx_word' id='word_1_45' title='bbox 2334 654 2512 697; x_wconf 88' lang='lat' dir='ltr'>adiutus</span> 
     </span>
     <span class='ocr_line' id='line_1_8' title="bbox 135 719 2517 779; baseline 0.001 -17"><span class='ocrx_word' id='word_1_46' title='bbox 135 719 360 775; x_wconf 89' lang='lat' dir='ltr'>Scipionis</span> <span class='ocrx_word' id='word_1_47' title='bbox 379 722 526 765; x_wconf 85' lang='lat' dir='ltr'>Maffei</span> <span class='ocrx_word' id='word_1_48' title='bbox 553 722 689 765; x_wconf 89' lang='lat' dir='ltr'>scidis</span> <span class='ocrx_word' id='word_1_49' title='bbox 716 723 1187 779; x_wconf 87' lang='lat' dir='ltr'>commentariolisque</span> <span class='ocrx_word' id='word_1_50' title='bbox 1209 724 1472 779; x_wconf 87' lang='lat' dir='ltr'>properanti</span> <span class='ocrx_word' id='word_1_51' title='bbox 1498 725 1669 767; x_wconf 88' lang='lat' dir='ltr'>calamo</span> <span class='ocrx_word' id='word_1_52' title='bbox 1695 724 1871 779; x_wconf 90' lang='lat' dir='ltr'>scriptis</span> <span class='ocrx_word' id='word_1_53' title='bbox 1896 737 1984 767; x_wconf 91' lang='lat' dir='ltr'>non</span> <span class='ocrx_word' id='word_1_54' title='bbox 2012 724 2298 778; x_wconf 85' lang='lat' dir='ltr'>indiligenter</span> <span class='ocrx_word' id='word_1_55' title='bbox 2320 722 2517 765; x_wconf 85' lang='lat' dir='ltr'>confecit</span> 
     </span>
     <span class='ocr_line' id='line_1_9' title="bbox 134 788 2514 847; baseline 0 -16"><span class='ocrx_word' id='word_1_56' title='bbox 134 788 360 832; x_wconf 86' lang='lat' dir='ltr'>Antonius</span> <span class='ocrx_word' id='word_1_57' title='bbox 388 790 570 834; x_wconf 90' lang='lat' dir='ltr'>Masotti</span> <span class='ocrx_word' id='word_1_58' title='bbox 600 791 970 835; x_wconf 87' lang='lat' dir='ltr'>bibliothecarius</span> <span class='ocrx_word' id='word_1_59' title='bbox 1001 805 1121 835; x_wconf 92' lang='lat' dir='ltr'>anno</span> <span class='ocrx_word' id='word_1_60' title='bbox 1157 793 1279 835; x_wconf 89' lang='lat'>1788.</span> <span class='ocrx_word' id='word_1_61' title='bbox 1338 793 1468 835; x_wconf 90' lang='lat' dir='ltr'>Hunc</span> <span class='ocrx_word' id='word_1_62' title='bbox 1490 793 1742 847; x_wconf 83' lang='lat' dir='ltr'>catalogum</span> <span class='ocrx_word' id='word_1_63' title='bbox 1762 793 1970 835; x_wconf 89' lang='lat' dir='ltr'>manibus</span> <span class='ocrx_word' id='word_1_64' title='bbox 1995 795 2288 835; x_wconf 88' lang='lat' dir='ltr'>versaverunt</span> <span class='ocrx_word' id='word_1_65' title='bbox 2318 790 2514 834; x_wconf 87' lang='lat' dir='ltr'>sescenti</span> 
     </span>
     <span class='ocr_line' id='line_1_10' title="bbox 134 857 2515 916; baseline 0.001 -17"><span class='ocrx_word' id='word_1_66' title='bbox 134 857 210 910; x_wconf 89' lang='lat' dir='ltr'>illi,</span> <span class='ocrx_word' id='word_1_67' title='bbox 243 858 318 912; x_wconf 93' lang='lat' dir='ltr'>qui</span> <span class='ocrx_word' id='word_1_68' title='bbox 349 859 591 914; x_wconf 89' lang='lat' dir='ltr'>quotannis</span> <span class='ocrx_word' id='word_1_69' title='bbox 622 859 944 904; x_wconf 88' lang='lat' dir='ltr'>bibliothecam</span> <span class='ocrx_word' id='word_1_70' title='bbox 974 861 1283 904; x_wconf 90' lang='lat' dir='ltr'>Veronensem</span> <span class='ocrx_word' id='word_1_71' title='bbox 1314 861 1605 916; x_wconf 85' lang='lat' dir='ltr'>capitularem</span> <span class='ocrx_word' id='word_1_72' title='bbox 1634 862 1798 914; x_wconf 86' lang='lat' dir='ltr'>visunt,</span> <span class='ocrx_word' id='word_1_73' title='bbox 1837 861 2046 904; x_wconf 87' lang='lat' dir='ltr'>homines</span> <span class='ocrx_word' id='word_1_74' title='bbox 2078 861 2219 912; x_wconf 89' lang='lat' dir='ltr'>docti;</span> <span class='ocrx_word' id='word_1_75' title='bbox 2251 873 2384 903; x_wconf 89' lang='lat' dir='ltr'>nemo</span> <span class='ocrx_word' id='word_1_76' title='bbox 2416 873 2515 902; x_wconf 92' lang='lat' dir='ltr'>um-</span> 
     </span>
    </p>
   </div>
   <div class='ocr_carea' id='block_1_5' title="bbox 132 928 2515 1122">
    <p class='ocr_par' dir='ltr' id='par_1_6' title="bbox 132 928 2515 1122">
     <span class='ocr_line' id='line_1_11' title="bbox 134 928 2515 985; baseline 0.001 -17"><span class='ocrx_word' id='word_1_77' title='bbox 134 939 280 981; x_wconf 87' lang='lat' dir='ltr'>quam,</span> <span class='ocrx_word' id='word_1_78' title='bbox 329 928 484 982; x_wconf 92' lang='lat' dir='ltr'>quanti</span> <span class='ocrx_word' id='word_1_79' title='bbox 523 929 741 972; x_wconf 90' lang='lat' dir='ltr'>momenti</span> <span class='ocrx_word' id='word_1_80' title='bbox 779 932 932 972; x_wconf 85' lang='lat' dir='ltr'>essent</span> <span class='ocrx_word' id='word_1_81' title='bbox 970 937 1035 982; x_wconf 88' lang='lat' dir='ltr'>ea,</span> <span class='ocrx_word' id='word_1_82' title='bbox 1083 943 1195 985; x_wconf 89' lang='lat' dir='ltr'>quae</span> <span class='ocrx_word' id='word_1_83' title='bbox 1234 930 1280 972; x_wconf 92' lang='lat' dir='ltr'>in</span> <span class='ocrx_word' id='word_1_84' title='bbox 1320 930 1510 985; x_wconf 88' lang='lat' dir='ltr'>catalogi</span> <span class='ocrx_word' id='word_1_85' title='bbox 1556 930 1674 973; x_wconf 91' lang='lat' dir='ltr'>illius</span> <span class='ocrx_word' id='word_1_86' title='bbox 1712 931 1798 973; x_wconf 91' lang='lat' dir='ltr'>vol.</span> <span class='ocrx_word' id='word_1_87' title='bbox 1836 930 1853 972; x_wconf 98' lang='lat' dir='ltr'>I</span> <span class='ocrx_word' id='word_1_88' title='bbox 1891 943 1989 984; x_wconf 86' lang='lat' dir='ltr'>pag.</span> <span class='ocrx_word' id='word_1_89' title='bbox 2029 930 2115 972; x_wconf 78' lang='lat'>534</span> <span class='ocrx_word' id='word_1_90' title='bbox 2158 943 2254 984; x_wconf 88' lang='lat' dir='ltr'>sqq.</span> <span class='ocrx_word' id='word_1_91' title='bbox 2294 930 2515 983; x_wconf 85' lang='lat' dir='ltr'>leguntur,</span> 
     </span>
     <span class='ocr_line' id='line_1_12' title="bbox 132 993 2515 1053; baseline 0.002 -17"><span class='ocrx_word' id='word_1_92' title='bbox 132 993 461 1039; x_wconf 87' lang='lat' dir='ltr'>animadvertit.</span> <span class='ocrx_word' id='word_1_93' title='bbox 521 997 621 1052; x_wconf 89' lang='lat' dir='ltr'>Ipse</span> <span class='ocrx_word' id='word_1_94' title='bbox 651 1011 808 1041; x_wconf 90' lang='lat' dir='ltr'>mense</span> <span class='ocrx_word' id='word_1_95' title='bbox 838 998 947 1041; x_wconf 92' lang='lat' dir='ltr'>Iulio</span> <span class='ocrx_word' id='word_1_96' title='bbox 979 998 1087 1041; x_wconf 91' lang='lat' dir='ltr'>anni</span> <span class='ocrx_word' id='word_1_97' title='bbox 1121 999 1243 1051; x_wconf 84' lang='lat'>1867,</span> <span class='ocrx_word' id='word_1_98' title='bbox 1282 998 1388 1041; x_wconf 88' lang='lat' dir='ltr'>dum</span> <span class='ocrx_word' id='word_1_99' title='bbox 1419 999 1623 1042; x_wconf 88' lang='lat' dir='ltr'>Veronae</span> <span class='ocrx_word' id='word_1_100' title='bbox 1663 999 1775 1053; x_wconf 90' lang='lat' dir='ltr'>dego</span> <span class='ocrx_word' id='word_1_101' title='bbox 1815 1001 1859 1041; x_wconf 91' lang='lat' dir='ltr'>et</span> <span class='ocrx_word' id='word_1_102' title='bbox 1898 999 2021 1042; x_wconf 88' lang='lat' dir='ltr'>iuxta</span> <span class='ocrx_word' id='word_1_103' title='bbox 2053 998 2264 1041; x_wconf 87' lang='lat' dir='ltr'>Carolum</span> <span class='ocrx_word' id='word_1_104' title='bbox 2304 998 2515 1041; x_wconf 90' lang='lat' dir='ltr'>comitem</span> 
     </span>
     <span class='ocr_line' id='line_1_13' title="bbox 133 1063 2514 1122; baseline 0.002 -17"><span class='ocrx_word' id='word_1_105' title='bbox 133 1063 331 1117; x_wconf 86' lang='lat' dir='ltr'>Giuliari,</span> <span class='ocrx_word' id='word_1_106' title='bbox 360 1065 662 1109; x_wconf 87' lang='lat' dir='ltr'>bibliothecae</span> <span class='ocrx_word' id='word_1_107' title='bbox 684 1067 941 1121; x_wconf 85' lang='lat' dir='ltr'>capitularis</span> <span class='ocrx_word' id='word_1_108' title='bbox 971 1067 1247 1122; x_wconf 83' lang='lat' dir='ltr'>praefectum</span> <span class='ocrx_word' id='word_1_109' title='bbox 1275 1067 1386 1110; x_wconf 92' lang='lat' dir='ltr'>mihi</span> <span class='ocrx_word' id='word_1_110' title='bbox 1409 1068 1705 1121; x_wconf 87' lang='lat' dir='ltr'>carissimum,</span> <span class='ocrx_word' id='word_1_111' title='bbox 1736 1067 1951 1110; x_wconf 88' lang='lat' dir='ltr'>adsidens</span> <span class='ocrx_word' id='word_1_112' title='bbox 1973 1068 2212 1110; x_wconf 89' lang='lat' dir='ltr'>thesauros</span> <span class='ocrx_word' id='word_1_113' title='bbox 2229 1068 2514 1110; x_wconf 89' lang='lat' dir='ltr'>Veronenses</span> 
     </span>
    </p>
   </div>
   <div class='ocr_carea' id='block_1_6' title="bbox 131 1133 1557 1192">
    <p class='ocr_par' dir='ltr' id='par_1_7' title="bbox 131 1133 1557 1192">
     <span class='ocr_line' id='line_1_14' title="bbox 131 1133 1557 1192; baseline 0.004 -18"><span class='ocrx_word' id='word_1_114' title='bbox 131 1133 356 1186; x_wconf 90' lang='lat' dir='ltr'>pervolvo,</span> <span class='ocrx_word' id='word_1_115' title='bbox 388 1147 443 1177; x_wconf 86' lang='lat' dir='ltr'>ex</span> <span class='ocrx_word' id='word_1_116' title='bbox 474 1135 676 1190; x_wconf 86' lang='lat' dir='ltr'>catalogo</span> <span class='ocrx_word' id='word_1_117' title='bbox 706 1135 976 1179; x_wconf 88' lang='lat' dir='ltr'>Masottiano</span> <span class='ocrx_word' id='word_1_118' title='bbox 1010 1135 1053 1192; x_wconf 81' lang='lat' dir='ltr'>(l.</span> <span class='ocrx_word' id='word_1_119' title='bbox 1086 1135 1140 1192; x_wconf 84' lang='lat' dir='ltr'>c.)</span> <span class='ocrx_word' id='word_1_120' title='bbox 1172 1137 1285 1179; x_wconf 89' lang='lat' dir='ltr'>haec</span> <span class='ocrx_word' id='word_1_121' title='bbox 1315 1136 1557 1192; x_wconf 87' lang='lat' dir='ltr'>descripsi:</span> 
     </span>
    </p>
   </div>
   <div class='ocr_carea' id='block_1_7' title="bbox 134 1220 2514 1346">
    <p class='ocr_par' dir='ltr' id='par_1_8' title="bbox 134 1220 2514 1346">
     <span class='ocr_line' id='line_1_15' title="bbox 337 1220 2514 1279; baseline 0 -16"><span class='ocrx_word' id='word_1_122' title='bbox 337 1220 520 1273; x_wconf 87' lang='lat' dir='ltr'>„Codex</span> <span class='ocrx_word' id='word_1_123' title='bbox 550 1221 857 1265; x_wconf 88' lang='lat' dir='ltr'>Bibliothecae</span> <span class='ocrx_word' id='word_1_124' title='bbox 878 1222 1153 1266; x_wconf 88' lang='lat' dir='ltr'>Veronensis</span> <span class='ocrx_word' id='word_1_125' title='bbox 1186 1222 1455 1278; x_wconf 85' lang='lat' dir='ltr'>Capitularis</span> <span class='ocrx_word' id='word_1_126' title='bbox 1482 1223 1668 1266; x_wconf 87' lang='lat' dir='ltr'>CXXVI.</span> <span class='ocrx_word' id='word_1_127' title='bbox 1701 1222 1850 1279; x_wconf 81' lang='lat'><strong>(115)“</strong></span> <span class='ocrx_word' id='word_1_128' title='bbox 1882 1222 1975 1279; x_wconf 90' lang='lat' dir='ltr'>(qui</span> <span class='ocrx_word' id='word_1_129' title='bbox 1996 1223 2132 1266; x_wconf 89' lang='lat' dir='ltr'>hodie</span> <span class='ocrx_word' id='word_1_130' title='bbox 2164 1223 2209 1265; x_wconf 92' lang='lat' dir='ltr'>in</span> <span class='ocrx_word' id='word_1_131' title='bbox 2232 1223 2514 1266; x_wconf 86' lang='lat' dir='ltr'>Bibliotheca</span> 
     </span>
     <span class='ocr_line' id='line_1_16' title="bbox 134 1289 512 1346; baseline 0.008 -16"><span class='ocrx_word' id='word_1_132' title='bbox 134 1300 226 1330; x_wconf 92' lang='lat' dir='ltr'>non</span> <span class='ocrx_word' id='word_1_133' title='bbox 257 1289 512 1346; x_wconf 89' lang='lat' dir='ltr'>invenitur).</span> 
     </span>
    </p>
   </div>
   <div class='ocr_carea' id='block_1_8' title="bbox 133 1383 2510 1509">
    <p class='ocr_par' dir='ltr' id='par_1_9' title="bbox 133 1383 2510 1509">
     <span class='ocr_line' id='line_1_17' title="bbox 334 1383 2510 1440; baseline 0 -15"><span class='ocrx_word' id='word_1_134' title='bbox 334 1383 493 1426; x_wconf 91' lang='lat' dir='ltr'>Manus</span> <span class='ocrx_word' id='word_1_135' title='bbox 538 1384 764 1426; x_wconf 90' lang='lat' dir='ltr'>recentior</span> <span class='ocrx_word' id='word_1_136' title='bbox 807 1383 855 1426; x_wconf 92' lang='lat' dir='ltr'>in</span> <span class='ocrx_word' id='word_1_137' title='bbox 900 1384 1101 1439; x_wconf 85' lang='lat' dir='ltr'>margine</span> <span class='ocrx_word' id='word_1_138' title='bbox 1145 1385 1258 1428; x_wconf 88' lang='lat' dir='ltr'>haec</span> <span class='ocrx_word' id='word_1_139' title='bbox 1303 1384 1564 1439; x_wconf 88' lang='lat' dir='ltr'>adscripsit:</span> <span class='ocrx_word' id='word_1_140' title='bbox 1617 1385 1726 1438; x_wconf 88' lang='lat' dir='ltr'>„Die</span> <span class='ocrx_word' id='word_1_141' title='bbox 1775 1385 1827 1427; x_wconf 82' lang='lat'>16</span> <span class='ocrx_word' id='word_1_142' title='bbox 1870 1385 1989 1440; x_wconf 88' lang='lat' dir='ltr'>Maji.</span> <span class='ocrx_word' id='word_1_143' title='bbox 2039 1385 2162 1427; x_wconf 88' lang='grc'><strong>1797.</strong></span> <span class='ocrx_word' id='word_1_144' title='bbox 2230 1385 2344 1427; x_wconf 88' lang='lat' dir='ltr'>Galli</span> <span class='ocrx_word' id='word_1_145' title='bbox 2389 1385 2510 1427; x_wconf 91' lang='lat' dir='ltr'>hunc</span> 
     </span>
     <span class='ocr_line' id='line_1_18' title="bbox 133 1450 1377 1509; baseline 0.003 -16"><span class='ocrx_word' id='word_1_146' title='bbox 133 1450 334 1494; x_wconf 90' lang='lat' dir='ltr'>codicem</span> <span class='ocrx_word' id='word_1_147' title='bbox 364 1452 630 1506; x_wconf 88' lang='lat' dir='ltr'>habuerunt,</span> <span class='ocrx_word' id='word_1_148' title='bbox 661 1453 951 1509; x_wconf 87' lang='lat' dir='ltr'>Parisiosque</span> <span class='ocrx_word' id='word_1_149' title='bbox 983 1456 1377 1509; x_wconf 85' lang='lat' dir='ltr'>exportauerunt.“</span> 
     </span>
    </p>
   </div>
   <div class='ocr_carea' id='block_1_9' title="bbox 132 1538 2512 1800">
    <p class='ocr_par' dir='ltr' id='par_1_10' title="bbox 132 1538 2512 1800">
     <span class='ocr_line' id='line_1_19' title="bbox 335 1538 2512 1596; baseline 0 -16"><span class='ocrx_word' id='word_1_150' title='bbox 335 1538 560 1592; x_wconf 85' lang='lat' dir='ltr'>„Exiguae</span> <span class='ocrx_word' id='word_1_151' title='bbox 603 1539 736 1582; x_wconf 89' lang='lat' dir='ltr'>molis</span> <span class='ocrx_word' id='word_1_152' title='bbox 782 1540 896 1582; x_wconf 91' lang='lat' dir='ltr'>liber</span> <span class='ocrx_word' id='word_1_153' title='bbox 939 1541 1069 1594; x_wconf 87' lang='lat' dir='ltr'>plura</span> <span class='ocrx_word' id='word_1_154' title='bbox 1113 1543 1157 1583; x_wconf 90' lang='lat' dir='ltr'>et</span> <span class='ocrx_word' id='word_1_155' title='bbox 1198 1541 1431 1595; x_wconf 85' lang='lat' dir='ltr'>praeclara</span> <span class='ocrx_word' id='word_1_156' title='bbox 1477 1543 1649 1583; x_wconf 88' lang='lat' dir='ltr'>seruat:</span> <span class='ocrx_word' id='word_1_157' title='bbox 1696 1540 1918 1595; x_wconf 87' lang='lat' dir='ltr'>scriptura</span> <span class='ocrx_word' id='word_1_158' title='bbox 1963 1543 2032 1584; x_wconf 89' lang='lat' dir='ltr'>est</span> <span class='ocrx_word' id='word_1_159' title='bbox 2078 1554 2211 1595; x_wconf 88' lang='lat' dir='ltr'>quam</span> <span class='ocrx_word' id='word_1_160' title='bbox 2251 1538 2512 1596; x_wconf 82' lang='grc' dir='ltr'>στρογγύλην</span> 
     </span>
     <span class='ocr_line' id='line_1_20' title="bbox 133 1607 2511 1661; baseline 0.001 -13"><span class='ocrx_word' id='word_1_161' title='bbox 133 1608 337 1658; x_wconf 85' lang='lat' dir='ltr'>„uocant,</span> <span class='ocrx_word' id='word_1_162' title='bbox 383 1607 589 1661; x_wconf 88' lang='lat' dir='ltr'>quamuis</span> <span class='ocrx_word' id='word_1_163' title='bbox 626 1607 817 1650; x_wconf 87' lang='lat' dir='ltr'>minuta:</span> <span class='ocrx_word' id='word_1_164' title='bbox 863 1609 1075 1651; x_wconf 88' lang='lat' dir='ltr'>lemmata</span> <span class='ocrx_word' id='word_1_165' title='bbox 1113 1609 1266 1651; x_wconf 86' lang='lat' dir='ltr'>omnia</span> <span class='ocrx_word' id='word_1_166' title='bbox 1310 1608 1495 1651; x_wconf 89' lang='lat' dir='ltr'>maioris</span> <span class='ocrx_word' id='word_1_167' title='bbox 1542 1609 1713 1651; x_wconf 84' lang='lat' dir='ltr'>formae</span> <span class='ocrx_word' id='word_1_168' title='bbox 1742 1609 1927 1652; x_wconf 91' lang='lat' dir='ltr'>litteris:</span> <span class='ocrx_word' id='word_1_169' title='bbox 1973 1622 2116 1651; x_wconf 91' lang='lat' dir='ltr'>nono</span> <span class='ocrx_word' id='word_1_170' title='bbox 2162 1612 2254 1651; x_wconf 87' lang='lat' dir='ltr'>aut</span> <span class='ocrx_word' id='word_1_171' title='bbox 2299 1609 2511 1651; x_wconf 91' lang='lat' dir='ltr'>decimo</span> 
     </span>
     <span class='ocr_line' id='line_1_21' title="bbox 133 1675 2511 1731; baseline 0.001 -15"><span class='ocrx_word' id='word_1_172' title='bbox 133 1675 384 1727; x_wconf 89' lang='lat' dir='ltr'>„saeculo</span> <span class='ocrx_word' id='word_1_173' title='bbox 432 1678 662 1718; x_wconf 86' lang='lat' dir='ltr'>exaratum</span> <span class='ocrx_word' id='word_1_174' title='bbox 707 1676 986 1719; x_wconf 89' lang='lat' dir='ltr'>crediderim.</span> <span class='ocrx_word' id='word_1_175' title='bbox 1055 1677 1250 1720; x_wconf 86' lang='lat' dir='ltr'>Exhibet</span> <span class='ocrx_word' id='word_1_176' title='bbox 1292 1677 1439 1731; x_wconf 90' lang='lat' dir='ltr'>primo</span> <span class='ocrx_word' id='word_1_177' title='bbox 1485 1677 1586 1719; x_wconf 88' lang='lat' dir='ltr'>loco</span> <span class='ocrx_word' id='word_1_178' title='bbox 1626 1677 1984 1720; x_wconf 89' lang='lat' dir='ltr'>Homerocentra</span> <span class='ocrx_word' id='word_1_179' title='bbox 2021 1709 2031 1720; x_wconf 90' lang='lat'>.</span> <span class='ocrx_word' id='word_1_180' title='bbox 2064 1710 2073 1719; x_wconf 89' lang='lat'>.</span> <span class='ocrx_word' id='word_1_181' title='bbox 2107 1710 2116 1720; x_wconf 91' lang='lat'>.</span> <span class='ocrx_word' id='word_1_182' title='bbox 2148 1710 2158 1720; x_wconf 93' lang='lat'>.</span> <span class='ocrx_word' id='word_1_183' title='bbox 2201 1677 2341 1719; x_wconf 91' lang='lat' dir='ltr'>edidit</span> <span class='ocrx_word' id='word_1_184' title='bbox 2370 1677 2511 1719; x_wconf 91' lang='lat' dir='ltr'>Aldus</span> 
     </span>
     <span class='ocr_line' id='line_1_22' title="bbox 132 1743 1711 1800; baseline 0.002 -15"><span class='ocrx_word' id='word_1_185' title='bbox 132 1743 285 1796; x_wconf 78' lang='lat'>‚‚1504.</span> <span class='ocrx_word' id='word_1_186' title='bbox 319 1777 327 1785; x_wconf 94' lang='lat'>.</span> <span class='ocrx_word' id='word_1_187' title='bbox 361 1777 370 1786; x_wconf 90' lang='lat'>.</span> <span class='ocrx_word' id='word_1_188' title='bbox 404 1777 412 1786; x_wconf 92' lang='lat'>.</span> <span class='ocrx_word' id='word_1_189' title='bbox 445 1744 492 1786; x_wconf 92' lang='lat' dir='ltr'>in</span> <span class='ocrx_word' id='word_1_190' title='bbox 522 1758 604 1787; x_wconf 90' lang='lat' dir='ltr'>ms.</span> <span class='ocrx_word' id='word_1_191' title='bbox 637 1745 710 1787; x_wconf 84' lang='lat' dir='ltr'>hic</span> <span class='ocrx_word' id='word_1_192' title='bbox 740 1746 1033 1800; x_wconf 87' lang='lat' dir='ltr'>praeponitur</span> <span class='ocrx_word' id='word_1_193' title='bbox 1062 1746 1224 1789; x_wconf 89' lang='lat' dir='ltr'>litteris</span> <span class='ocrx_word' id='word_1_194' title='bbox 1256 1746 1503 1788; x_wconf 87' lang='lat' dir='ltr'>maioribus</span> <span class='ocrx_word' id='word_1_195' title='bbox 1534 1746 1711 1788; x_wconf 82' lang='lat' dir='ltr'>titulus:</span> 
     </span>
    </p>
   </div>
   <div class='ocr_carea' id='block_1_10' title="bbox 575 1823 2070 2089">
    <p class='ocr_par' dir='ltr' id='par_1_11' title="bbox 575 1823 2070 2089">
     <span class='ocr_line' id='line_1_23' title="bbox 578 1823 1918 1900; baseline 0.001 -10"><span class='ocrx_word' id='word_1_196' title='bbox 578 1823 1077 1900; x_wconf 66' lang='grc' dir='ltr'>,ῙΟΜΗΡΟΚΕΝΤΡῼΝ</span> <span class='ocrx_word' id='word_1_197' title='bbox 1105 1824 1421 1892; x_wconf 66' lang='grc' dir='ltr'><strong>ΠΑΤΡΙΚῘΟΥ</strong></span> <span class='ocrx_word' id='word_1_198' title='bbox 1449 1824 1783 1892; x_wconf 79' lang='grc' dir='ltr'>ΕΠΙΣΚόΠΟΥ</span> <span class='ocrx_word' id='word_1_199' title='bbox 1812 1824 1918 1892; x_wconf 78' lang='lat' dir='ltr'>KAi</span> 
     </span>
     <span class='ocr_line' id='line_1_24' title="bbox 575 1914 2070 1996; baseline 0.001 -15"><span class='ocrx_word' id='word_1_200' title='bbox 575 1914 860 1991; x_wconf 63' lang='lat' dir='ltr'>‚fonTI&#39;Mor</span> <span class='ocrx_word' id='word_1_201' title='bbox 890 1914 1242 1996; x_wconf 79' lang='grc' dir='ltr'>ΦΙΛΟΣὸΦΟΥ,</span> <span class='ocrx_word' id='word_1_202' title='bbox 1272 1916 1379 1984; x_wconf 72' lang='grc' dir='ltr'>ΚΑΪ</span> <span class='ocrx_word' id='word_1_203' title='bbox 1407 1915 1693 1985; x_wconf 67' lang='grc' dir='ltr'><strong>ΕΥΔΟΚῘΑΣ</strong></span> <span class='ocrx_word' id='word_1_204' title='bbox 1726 1915 2070 1996; x_wconf 72' lang='grc' dir='ltr'>ΑΥΓΟῩΣΤΗΣ,</span> 
     </span>
     <span class='ocr_line' id='line_1_25' title="bbox 575 2004 1984 2089; baseline 0.002 -16"><span class='ocrx_word' id='word_1_205' title='bbox 575 2008 707 2084; x_wconf 74' lang='grc' dir='ltr'>,,ΚΑ“Ι</span> <span class='ocrx_word' id='word_1_206' title='bbox 737 2009 942 2075; x_wconf 81' lang='grc' dir='ltr'><strong>ΚΟΣΜᾸ</strong></span> <span class='ocrx_word' id='word_1_207' title='bbox 970 2004 1447 2089; x_wconf 72' lang='grc' dir='ltr'>ἰΕΡΟΣΟΛΥΜῘΤΟΥ,</span> <span class='ocrx_word' id='word_1_208' title='bbox 1479 2015 1595 2076; x_wconf 68' lang='grc' dir='ltr'>ΤΩΝ</span> <span class='ocrx_word' id='word_1_209' title='bbox 1623 2007 1860 2076; x_wconf 71' lang='grc' dir='ltr'>ΠᾸΝΤΩΝ</span> <span class='ocrx_word' id='word_1_210' title='bbox 1890 2004 1984 2076; x_wconf 67' lang='grc' dir='ltr'>ΙῖΠΣ</span> 
     </span>
    </p>
   </div>
   <div class='ocr_carea' id='block_1_11' title="bbox 574 2094 1486 2176">
    <p class='ocr_par' dir='ltr' id='par_1_12' title="bbox 574 2094 1486 2176">
     <span class='ocr_line' id='line_1_26' title="bbox 574 2094 1486 2176; baseline 0.003 -11"><span class='ocrx_word' id='word_1_211' title='bbox 574 2094 751 2176; x_wconf 55' lang='lat' dir='ltr'>„sivos</span> <span class='ocrx_word' id='word_1_212' title='bbox 783 2100 1169 2168; x_wconf 65' lang='lat' dir='ltr'>erouMAToz</span> <span class='ocrx_word' id='word_1_213' title='bbox 1200 2100 1486 2168; x_wconf 82' lang='lat' dir='ltr'>EKAorH&#39;N.</span> 
     </span>
    </p>
   </div>
   <div class='ocr_carea' id='block_1_12' title="bbox 129 2204 2509 2962">
    <p class='ocr_par' dir='ltr' id='par_1_13' title="bbox 129 2204 2509 2962">
     <span class='ocr_line' id='line_1_27' title="bbox 334 2204 2509 2262; baseline 0.001 -16"><span class='ocrx_word' id='word_1_214' title='bbox 334 2236 632 2256; x_wconf 87' lang='lat'>.........</span> <span class='ocrx_word' id='word_1_215' title='bbox 664 2204 782 2256; x_wconf 85' lang='lat' dir='ltr'>Quid</span> <span class='ocrx_word' id='word_1_216' title='bbox 820 2206 885 2247; x_wconf 91' lang='lat' dir='ltr'>eis</span> <span class='ocrx_word' id='word_1_217' title='bbox 917 2206 1116 2248; x_wconf 85' lang='lat' dir='ltr'>Eudocia</span> <span class='ocrx_word' id='word_1_218' title='bbox 1154 2207 1394 2250; x_wconf 88' lang='lat' dir='ltr'>contulerit</span> <span class='ocrx_word' id='word_1_219' title='bbox 1432 2210 1475 2250; x_wconf 86' lang='lat' dir='ltr'>et</span> <span class='ocrx_word' id='word_1_220' title='bbox 1515 2208 1740 2262; x_wconf 92' lang='lat' dir='ltr'>quomodo</span> <span class='ocrx_word' id='word_1_221' title='bbox 1780 2207 2031 2259; x_wconf 85' lang='lat' dir='ltr'>contulerit,</span> <span class='ocrx_word' id='word_1_222' title='bbox 2072 2206 2241 2260; x_wconf 88' lang='lat' dir='ltr'>optime</span> <span class='ocrx_word' id='word_1_223' title='bbox 2278 2206 2509 2249; x_wconf 86' lang='lat' dir='ltr'>declarant</span> 
     </span>
     <span class='ocr_line' id='line_1_28' title="bbox 129 2272 2242 2330; baseline 0.002 -17"><span class='ocrx_word' id='word_1_224' title='bbox 129 2272 392 2326; x_wconf 88' lang='lat' dir='ltr'>„sequentia</span> <span class='ocrx_word' id='word_1_225' title='bbox 423 2273 636 2326; x_wconf 87' lang='lat' dir='ltr'>carmina,</span> <span class='ocrx_word' id='word_1_226' title='bbox 668 2287 781 2328; x_wconf 88' lang='lat' dir='ltr'>quae</span> <span class='ocrx_word' id='word_1_227' title='bbox 811 2275 1172 2328; x_wconf 88' lang='lat' dir='ltr'>praemittuntur,</span> <span class='ocrx_word' id='word_1_228' title='bbox 1204 2278 1248 2318; x_wconf 90' lang='lat' dir='ltr'>et</span> <span class='ocrx_word' id='word_1_229' title='bbox 1275 2276 1451 2330; x_wconf 88' lang='lat' dir='ltr'>priores</span> <span class='ocrx_word' id='word_1_230' title='bbox 1484 2276 1594 2318; x_wconf 83' lang='lat' dir='ltr'>duas</span> <span class='ocrx_word' id='word_1_231' title='bbox 1627 2275 1796 2318; x_wconf 89' lang='lat' dir='ltr'>codicis</span> <span class='ocrx_word' id='word_1_232' title='bbox 1829 2276 2008 2318; x_wconf 89' lang='lat' dir='ltr'>chartas</span> <span class='ocrx_word' id='word_1_233' title='bbox 2039 2275 2242 2329; x_wconf 89' lang='lat' dir='ltr'>implent.</span> 
     </span>
     <span class='ocr_line' id='line_1_29' title="bbox 413 2349 2209 2413; baseline 0.001 -18"><span class='ocrx_word' id='word_1_234' title='bbox 413 2353 534 2406; x_wconf 74' lang='lat' dir='ltr'>„incz</span> <span class='ocrx_word' id='word_1_235' title='bbox 556 2349 780 2405; x_wconf 74' lang='grc' dir='ltr'>Ὑπόθεσις</span> <span class='ocrx_word' id='word_1_236' title='bbox 808 2358 888 2397; x_wconf 84' lang='grc' dir='ltr'>τῶν</span> <span class='ocrx_word' id='word_1_237' title='bbox 910 2353 1273 2412; x_wconf 81' lang='grc' dir='ltr'>Ὁμηροκέντρων·</span> <span class='ocrx_word' id='word_1_238' title='bbox 1304 2355 1457 2413; x_wconf 81' lang='grc' dir='ltr'>Βίβλος</span> <span class='ocrx_word' id='word_1_239' title='bbox 1486 2355 1712 2412; x_wconf 81' lang='grc' dir='ltr'>Πατρικίου</span> <span class='ocrx_word' id='word_1_240' title='bbox 1744 2355 1956 2406; x_wconf 70' lang='grc' dir='ltr'>θεοειδὲος</span> <span class='ocrx_word' id='word_1_241' title='bbox 1986 2354 2209 2412; x_wconf 78' lang='grc' dir='ltr'>ἀρητῆρος,</span> 
     </span>
     <span class='ocr_line' id='line_1_30' title="bbox 572 2420 1758 2481; baseline 0.002 -17"><span class='ocrx_word' id='word_1_242' title='bbox 572 2421 644 2476; x_wconf 87' lang='grc' dir='ltr'>,,ὅς</span> <span class='ocrx_word' id='word_1_243' title='bbox 675 2422 783 2479; x_wconf 77' lang='grc' dir='ltr'>μέγα</span> <span class='ocrx_word' id='word_1_244' title='bbox 813 2424 934 2480; x_wconf 81' lang='grc' dir='ltr'>ἔργον</span> <span class='ocrx_word' id='word_1_245' title='bbox 964 2424 1150 2480; x_wconf 81' lang='grc' dir='ltr'>ἔπραξεν.</span> <span class='ocrx_word' id='word_1_246' title='bbox 1184 2425 1244 2481; x_wconf 87' lang='grc'>(1)</span> <span class='ocrx_word' id='word_1_247' title='bbox 1268 2420 1469 2481; x_wconf 86' lang='grc' dir='ltr'>Ὁμηρίης</span> <span class='ocrx_word' id='word_1_248' title='bbox 1498 2423 1582 2466; x_wconf 85' lang='grc' dir='ltr'>ἀπὸ</span> <span class='ocrx_word' id='word_1_249' title='bbox 1615 2424 1758 2481; x_wconf 80' lang='grc' dir='ltr'>βίβλου</span> 
     </span>
     <span class='ocr_line' id='line_1_31' title="bbox 572 2491 1568 2550; baseline 0.003 -18"><span class='ocrx_word' id='word_1_250' title='bbox 572 2491 839 2548; x_wconf 80' lang='grc' dir='ltr'>,,κυδαλίμων</span> <span class='ocrx_word' id='word_1_251' title='bbox 870 2491 1002 2536; x_wconf 77' lang='grc' dir='ltr'>ἐπέων</span> <span class='ocrx_word' id='word_1_252' title='bbox 1031 2491 1170 2544; x_wconf 82' lang='grc' dir='ltr'>τεύξεν</span> <span class='ocrx_word' id='word_1_253' title='bbox 1201 2493 1377 2550; x_wconf 81' lang='grc' dir='ltr'>ἐρίτιμον</span> <span class='ocrx_word' id='word_1_254' title='bbox 1408 2491 1568 2550; x_wconf 78' lang='grc' dir='ltr'>ἀοιδήν,</span> 
     </span>
     <span class='ocr_line' id='line_1_32' title="bbox 539 2557 1500 2619; baseline 0.002 -17"><span class='ocrx_word' id='word_1_255' title='bbox 539 2602 544 2607; x_wconf 79' lang='grc'>,</span> <span class='ocrx_word' id='word_1_256' title='bbox 572 2559 774 2617; x_wconf 75' lang='grc' dir='ltr'>,,πρήξιας</span> <span class='ocrx_word' id='word_1_257' title='bbox 804 2560 1087 2618; x_wconf 79' lang='grc' dir='ltr'>ἀγγελέουσαν</span> <span class='ocrx_word' id='word_1_258' title='bbox 1117 2557 1330 2619; x_wconf 78' lang='grc' dir='ltr'>ἀνικήτοιο</span> <span class='ocrx_word' id='word_1_259' title='bbox 1362 2562 1500 2605; x_wconf 84' lang='grc' dir='ltr'>Θεοῖο.</span> 
     </span>
     <span class='ocr_line' id='line_1_33' title="bbox 478 2625 1775 2688; baseline 0.002 -17"><span class='ocrx_word' id='word_1_260' title='bbox 478 2628 540 2684; x_wconf 71' lang='lat'>(2)</span> <span class='ocrx_word' id='word_1_261' title='bbox 573 2627 644 2681; x_wconf 85' lang='grc' dir='ltr'>,,ὅς</span> <span class='ocrx_word' id='word_1_262' title='bbox 676 2627 800 2686; x_wconf 84' lang='grc' dir='ltr'>μόλεν</span> <span class='ocrx_word' id='word_1_263' title='bbox 831 2625 1066 2685; x_wconf 83' lang='grc' dir='ltr'>ἀνθ-ρώπων</span> <span class='ocrx_word' id='word_1_264' title='bbox 1097 2630 1138 2681; x_wconf 89' lang='grc' dir='ltr'>ἐς</span> <span class='ocrx_word' id='word_1_265' title='bbox 1168 2629 1369 2688; x_wconf 80' lang='grc' dir='ltr'>ὁμήγυριν</span> <span class='ocrx_word' id='word_1_266' title='bbox 1400 2630 1445 2681; x_wconf 85' lang='grc' dir='ltr'>ὅς</span> <span class='ocrx_word' id='word_1_267' title='bbox 1475 2630 1580 2687; x_wconf 84' lang='grc' dir='ltr'>λαβε</span> <span class='ocrx_word' id='word_1_268' title='bbox 1612 2628 1775 2686; x_wconf 74' lang='grc' dir='ltr'>μορφήν</span> 
     </span>
     <span class='ocr_line' id='line_1_34' title="bbox 571 2696 2288 2757; baseline 0 -17"><span class='ocrx_word' id='word_1_269' title='bbox 571 2696 844 2755; x_wconf 83' lang='grc' dir='ltr'>,,ἀνδρομὲην,</span> <span class='ocrx_word' id='word_1_270' title='bbox 875 2699 948 2740; x_wconf 73' lang='grc' dir='ltr'>’καὶ</span> <span class='ocrx_word' id='word_1_271' title='bbox 975 2698 1156 2755; x_wconf 85' lang='grc' dir='ltr'>γαστρὸς</span> <span class='ocrx_word' id='word_1_272' title='bbox 1186 2697 1399 2757; x_wconf 80' lang='grc' dir='ltr'>ἀμεμφέος</span> <span class='ocrx_word' id='word_1_273' title='bbox 1430 2699 1571 2742; x_wconf 70' lang='grc' dir='ltr'>ἔνδοθι</span> <span class='ocrx_word' id='word_1_274' title='bbox 1599 2697 1797 2755; x_wconf 48' lang='grc' dir='ltr'>Κούρηςιί</span> <span class='ocrx_word' id='word_1_275' title='bbox 1831 2701 1913 2741; x_wconf 85' lang='lat' dir='ltr'>etc.</span> <span class='ocrx_word' id='word_1_276' title='bbox 1946 2701 2028 2742; x_wconf 87' lang='lat' dir='ltr'>etc.</span> <span class='ocrx_word' id='word_1_277' title='bbox 2058 2712 2200 2753; x_wconf 85' lang='lat' dir='ltr'>usque</span> <span class='ocrx_word' id='word_1_278' title='bbox 2231 2699 2288 2740; x_wconf 85' lang='lat' dir='ltr'>ad</span> 
     </span>
     <span class='ocr_line' id='line_1_35' title="bbox 446 2762 1770 2825; baseline 0.002 -17"><span class='ocrx_word' id='word_1_279' title='bbox 446 2765 536 2822; x_wconf 90' lang='lat'>(17)</span> <span class='ocrx_word' id='word_1_280' title='bbox 569 2765 818 2822; x_wconf 81' lang='grc' dir='ltr'>,,Πατρίκιος</span> <span class='ocrx_word' id='word_1_281' title='bbox 848 2762 888 2808; x_wconf 74' lang='grc' dir='ltr'>δ’</span> <span class='ocrx_word' id='word_1_282' title='bbox 920 2765 966 2818; x_wconf 82' lang='grc' dir='ltr'>ὅς</span> <span class='ocrx_word' id='word_1_283' title='bbox 994 2769 1118 2824; x_wconf 85' lang='grc' dir='ltr'>τηνδε</span> <span class='ocrx_word' id='word_1_284' title='bbox 1149 2767 1284 2825; x_wconf 78' lang='grc' dir='ltr'>σοφήν</span> <span class='ocrx_word' id='word_1_285' title='bbox 1315 2767 1580 2825; x_wconf 75' lang='grc' dir='ltr'>ἀνεγράψατο</span> <span class='ocrx_word' id='word_1_286' title='bbox 1613 2767 1770 2821; x_wconf 77' lang='grc' dir='ltr'>δέλτον,</span> 
     </span>
     <span class='ocr_line' id='line_1_36' title="bbox 571 2834 1768 2894; baseline 0.003 -17"><span class='ocrx_word' id='word_1_287' title='bbox 571 2834 686 2888; x_wconf 82' lang='grc' dir='ltr'>,,ἀντὶ</span> <span class='ocrx_word' id='word_1_288' title='bbox 717 2836 790 2892; x_wconf 83' lang='grc' dir='ltr'>μὲν</span> <span class='ocrx_word' id='word_1_289' title='bbox 814 2834 1008 2892; x_wconf 89' lang='grc' dir='ltr'>Ἀργείων</span> <span class='ocrx_word' id='word_1_290' title='bbox 1039 2837 1231 2893; x_wconf 85' lang='grc' dir='ltr'>στρατιῆς</span> <span class='ocrx_word' id='word_1_291' title='bbox 1260 2837 1378 2894; x_wconf 81' lang='grc' dir='ltr'>γένος</span> <span class='ocrx_word' id='word_1_292' title='bbox 1409 2837 1521 2880; x_wconf 80' lang='grc' dir='ltr'>εἶπεν</span> <span class='ocrx_word' id='word_1_293' title='bbox 1547 2835 1768 2893; x_wconf 80' lang='grc' dir='ltr'>Ἑβραίων,</span> 
     </span>
     <span class='ocr_line' id='line_1_37' title="bbox 573 2898 1688 2962; baseline 0.002 -17"><span class='ocrx_word' id='word_1_294' title='bbox 573 2898 689 2956; x_wconf 61' lang='lat' dir='ltr'>„aiv-cl</span> <span class='ocrx_word' id='word_1_295' title='bbox 720 2903 766 2945; x_wconf 83' lang='grc' dir='ltr'>δὲ</span> <span class='ocrx_word' id='word_1_296' title='bbox 797 2903 1012 2961; x_wconf 87' lang='grc' dir='ltr'>δαιμονίης</span> <span class='ocrx_word' id='word_1_297' title='bbox 1040 2919 1086 2947; x_wconf 86' lang='grc' dir='ltr'>τε</span> <span class='ocrx_word' id='word_1_298' title='bbox 1115 2907 1188 2947; x_wconf 79' lang='grc' dir='ltr'>καὶ</span> <span class='ocrx_word' id='word_1_299' title='bbox 1219 2903 1426 2950; x_wconf 74' lang='grc' dir='ltr'>ἀντιθέοιο</span> <span class='ocrx_word' id='word_1_300' title='bbox 1457 2904 1688 2962; x_wconf 77' lang='grc' dir='ltr'>φάλαγγος,</span> 
     </span>
    </p>
   </div>
   <div class='ocr_carea' id='block_1_13' title="bbox 126 3107 2507 3216">
    <p class='ocr_par' dir='ltr' id='par_1_14' title="bbox 126 3107 2507 3216">
     <span class='ocr_line' id='line_1_38' title="bbox 328 3107 2507 3157; baseline 0.002 -14"><span class='ocrx_word' id='word_1_301' title='bbox 328 3107 358 3153; x_wconf 79' lang='lat'>²)</span> <span class='ocrx_word' id='word_1_302' title='bbox 394 3108 498 3144; x_wconf 83' lang='lat' dir='ltr'>Conf.</span> <span class='ocrx_word' id='word_1_303' title='bbox 531 3109 577 3144; x_wconf 87' lang='lat' dir='ltr'>de</span> <span class='ocrx_word' id='word_1_304' title='bbox 607 3109 755 3145; x_wconf 91' lang='lat' dir='ltr'>Henrici</span> <span class='ocrx_word' id='word_1_305' title='bbox 786 3109 923 3144; x_wconf 80' lang='lat' dir='ltr'>Iordan</span> <span class='ocrx_word' id='word_1_306' title='bbox 955 3112 991 3145; x_wconf 85' lang='lat' dir='ltr'>et</span> <span class='ocrx_word' id='word_1_307' title='bbox 1023 3110 1165 3146; x_wconf 85' lang='lat' dir='ltr'>Alfredi</span> <span class='ocrx_word' id='word_1_308' title='bbox 1191 3111 1362 3147; x_wconf 89' lang='lat' dir='ltr'>Schoene</span> <span class='ocrx_word' id='word_1_309' title='bbox 1394 3112 1741 3157; x_wconf 87' lang='lat' dir='ltr'>investigationibus</span> <span class='ocrx_word' id='word_1_310' title='bbox 1767 3112 1903 3147; x_wconf 86' lang='lat' dir='ltr'>frustra</span> <span class='ocrx_word' id='word_1_311' title='bbox 1928 3111 2116 3157; x_wconf 80' lang='lat' dir='ltr'>temptatis</span> <span class='ocrx_word' id='word_1_312' title='bbox 2142 3111 2371 3157; x_wconf 88' lang='lat' dir='ltr'>prooemium</span> <span class='ocrx_word' id='word_1_313' title='bbox 2395 3113 2507 3149; x_wconf 91' lang='lat' dir='ltr'>indici</span> 
     </span>
     <span class='ocr_line' id='line_1_39' title="bbox 126 3164 1634 3216; baseline 0.004 -16"><span class='ocrx_word' id='word_1_314' title='bbox 126 3164 326 3201; x_wconf 86' lang='lat' dir='ltr'>lectionum</span> <span class='ocrx_word' id='word_1_315' title='bbox 350 3166 599 3202; x_wconf 85' lang='lat' dir='ltr'>universitatis</span> <span class='ocrx_word' id='word_1_316' title='bbox 625 3167 920 3212; x_wconf 86' lang='lat' dir='ltr'>Regimontanae</span> <span class='ocrx_word' id='word_1_317' title='bbox 946 3180 977 3204; x_wconf 90' lang='lat' dir='ltr'>a.</span> <span class='ocrx_word' id='word_1_318' title='bbox 1006 3170 1200 3215; x_wconf 78' lang='lat' dir='ltr'>1885s1886</span> <span class='ocrx_word' id='word_1_319' title='bbox 1225 3171 1469 3215; x_wconf 89' lang='lat' dir='ltr'>praemissum</span> <span class='ocrx_word' id='word_1_320' title='bbox 1494 3182 1576 3216; x_wconf 84' lang='lat' dir='ltr'>pag.</span> <span class='ocrx_word' id='word_1_321' title='bbox 1602 3172 1634 3206; x_wconf 89' lang='lat'>3.</span> 
     </span>
    </p>
   </div>
  </div>
 </body>
</html>
